,server_timestamp,trade_price,trade_size,is_buyer_maker
0,1603659600160,407.53,0.011,False
1,1603659601435,407.53,0.007,False
2,1603659601456,407.53,1.515,False
3,1603659601456,407.53,1.0,False
4,1603659601456,407.53,0.003,False
5,1603659601456,407.53,0.008,False
6,1603659601458,407.53,0.051,False
7,1603659601458,407.53,0.009,False
8,1603659601458,407.53,2.557,False
9,1603659601458,407.54,2.0,False
10,1603659601459,407.54,1.291,False
11,1603659601576,407.53,0.004,True
12,1603659602861,407.54,0.001,False
13,1603659602958,407.54,0.007,False
14,1603659602958,407.54,0.148,False
15,1603659603379,407.53,2.723,True
16,1603659603445,407.53,3.58,True
17,1603659603973,407.54,0.003,False
18,1603659604090,407.54,0.171,False
19,1603659604325,407.54,0.038,False
20,1603659604410,407.54,0.64,False
21,1603659604414,407.54,0.111,False
22,1603659604415,407.54,0.003,False
23,1603659604415,407.54,0.008,False
24,1603659604415,407.57,1.399,False
25,1603659604416,407.57,2.425,False
26,1603659604416,407.58,0.1,False
27,1603659604416,407.58,0.1,False
28,1603659604416,407.59,1.179,False
29,1603659604437,407.56,6.791,True
30,1603659604934,407.58,0.117,False
31,1603659604955,407.57,0.012,True
32,1603659604958,407.57,1.735,True
33,1603659604958,407.57,0.708,True
34,1603659604959,407.57,0.545,True
35,1603659605080,407.58,0.002,False
36,1603659605083,407.58,0.008,False
37,1603659606173,407.58,0.003,False
38,1603659607253,407.58,0.003,False
39,1603659607420,407.57,0.14,True
40,1603659607420,407.57,0.128,True
41,1603659607421,407.57,0.118,True
42,1603659607421,407.57,0.001,True
43,1603659607421,407.57,0.041,True
44,1603659607421,407.57,0.058,True
45,1603659607421,407.57,0.101,True
46,1603659607421,407.57,0.318,True
47,1603659607421,407.57,4.697,True
48,1603659607421,407.57,0.924,True
49,1603659608348,407.58,0.003,False
50,1603659608939,407.58,0.003,False
51,1603659609101,407.58,0.994,False
52,1603659609101,407.58,0.639,False
53,1603659609101,407.58,0.003,False
54,1603659609101,407.58,0.008,False
55,1603659609101,407.58,0.078,False
56,1603659609101,407.58,1.2,False
57,1603659609101,407.58,0.003,False
58,1603659609101,407.58,0.007,False
59,1603659609102,407.59,0.821,False
60,1603659609103,407.59,2.0,False
61,1603659609103,407.6,0.712,False
62,1603659611637,407.6,8.387,False
63,1603659612846,407.6,1.677,False
64,1603659613020,407.6,76.787,False
65,1603659618756,407.6,10.014,False
66,1603659618917,407.59,0.004,True
67,1603659619095,407.6,0.001,False
68,1603659619670,407.59,0.563,True
69,1603659619670,407.59,0.786,True
70,1603659619670,407.59,0.001,True
71,1603659619670,407.59,0.075,True
72,1603659619670,407.59,0.001,True
73,1603659619670,407.59,0.144,True
74,1603659620020,407.6,62.422,False
75,1603659620020,407.6,0.004,False
76,1603659620020,407.6,0.008,False
77,1603659620020,407.6,0.067,False
78,1603659620020,407.6,0.01,False
79,1603659620020,407.6,0.172,False
80,1603659620021,407.6,0.003,False
81,1603659620021,407.6,0.008,False
82,1603659620021,407.6,0.004,False
83,1603659620021,407.6,0.007,False
84,1603659620021,407.6,1.008,False
85,1603659620021,407.6,20.0,False
86,1603659620021,407.6,0.003,False
87,1603659620021,407.6,4.696,False
88,1603659620021,407.6,0.008,False
89,1603659620021,407.6,1.0,False
90,1603659620021,407.6,0.003,False
91,1603659620021,407.6,0.007,False
92,1603659620021,407.6,1.567,False
93,1603659620021,407.6,0.003,False
94,1603659620025,407.6,0.008,False
95,1603659620025,407.62,2.494,False
96,1603659620025,407.63,21.452,False
97,1603659620028,407.59,0.258,True
98,1603659620028,407.59,0.343,True
99,1603659620028,407.59,1.052,True
100,1603659620030,407.59,0.833,True
101,1603659620030,407.59,1.083,True
102,1603659620092,407.6,13.494,False
103,1603659620330,407.64,0.003,True
104,1603659620702,407.64,3.689,True
105,1603659620713,407.64,0.097,True
106,1603659620713,407.64,0.664,True
107,1603659620713,407.64,0.001,True
108,1603659620713,407.64,0.001,True
109,1603659620713,407.64,0.001,True
110,1603659620713,407.64,0.001,True
111,1603659620714,407.63,2.474,True
112,1603659620714,407.61,0.196,True
113,1603659620714,407.6,0.099,True
114,1603659620715,407.6,0.164,True
115,1603659620960,407.64,0.001,True
116,1603659623223,407.64,0.006,True
117,1603659623223,407.64,0.094,True
118,1603659624209,407.64,0.135,True
119,1603659624209,407.64,0.415,True
120,1603659624209,407.64,0.64,True
121,1603659624209,407.64,0.101,True
122,1603659624209,407.64,0.409,True
123,1603659624209,407.64,0.002,True
124,1603659624209,407.64,2.229,True
125,1603659624209,407.64,0.588,True
126,1603659624209,407.64,0.316,True
127,1603659624209,407.64,1.098,True
128,1603659624210,407.59,0.209,True
129,1603659624210,407.59,0.05,True
130,1603659624213,407.59,2.497,True
131,1603659624213,407.57,1.35,True
132,1603659624213,407.56,2.45,True
133,1603659624213,407.56,2.44,True
134,1603659624213,407.54,4.174,True
135,1603659624213,407.54,0.2,True
136,1603659624230,407.56,3.931,True
137,1603659624438,407.55,4.591,True
138,1603659624438,407.55,0.853,True
139,1603659624810,407.54,0.114,True
140,1603659624822,407.54,0.018,True
141,1603659628547,407.53,1.563,True
142,1603659628548,407.53,0.101,True
143,1603659628548,407.53,3.496,True
144,1603659628548,407.53,0.103,True
145,1603659628548,407.53,4.469,True
146,1603659628549,407.53,5.985,True
147,1603659628549,407.53,2.326,True
148,1603659628549,407.53,0.712,True
149,1603659628549,407.53,0.315,True
150,1603659628549,407.53,0.001,True
151,1603659628549,407.53,0.076,True
152,1603659628549,407.53,1.128,True
153,1603659628550,407.53,7.722,True
154,1603659628551,407.53,0.238,True
155,1603659628552,407.53,0.111,True
156,1603659628552,407.52,10.0,True
157,1603659628552,407.51,8.417,True
158,1603659628552,407.5,0.028,True
159,1603659628552,407.5,3.664,True
160,1603659628553,407.5,0.1,True
161,1603659628553,407.5,42.657,True
162,1603659628553,407.48,12.98,True
163,1603659628570,407.53,2.449,True
164,1603659628571,407.52,4.693,True
165,1603659628571,407.52,3.905,True
166,1603659628659,407.52,6.54,True
167,1603659628660,407.48,30.267,True
168,1603659628810,407.49,0.997,False
169,1603659628810,407.49,2.003,False
170,1603659629208,407.49,0.015,False
171,1603659629224,407.49,0.018,False
172,1603659629721,407.48,16.769,True
173,1603659629950,407.48,3.255,True
174,1603659630035,407.49,0.004,False
175,1603659630184,407.48,4.528,True
176,1603659630431,407.49,0.05,False
177,1603659630847,407.48,3.898,True
178,1603659630850,407.48,6.518,True
179,1603659630978,407.48,3.846,True
180,1603659631098,407.48,3.012,True
181,1603659631098,407.48,10.0,True
182,1603659631098,407.48,0.003,True
183,1603659631100,407.48,0.515,True
184,1603659631100,407.48,0.001,True
185,1603659631101,407.47,0.011,True
186,1603659631101,407.47,0.003,True
187,1603659631101,407.47,0.001,True
188,1603659631101,407.45,0.001,True
189,1603659631101,407.45,2.109,True
190,1603659631101,407.45,7.891,True
191,1603659631103,407.44,0.109,True
192,1603659631258,407.44,0.921,True
193,1603659631258,407.44,0.22,True
194,1603659631258,407.43,1.328,True
195,1603659631259,407.43,8.84,True
196,1603659632372,407.42,0.15,True
197,1603659632484,407.42,0.005,True
198,1603659632564,407.42,0.142,True
199,1603659632908,407.42,0.371,True
200,1603659632918,407.42,0.145,True
201,1603659632985,407.43,0.076,False
202,1603659633785,407.42,1.036,True
203,1603659633827,407.42,1.532,True
204,1603659634031,407.42,0.149,True
205,1603659634244,407.42,0.004,True
206,1603659634280,407.42,0.153,True
207,1603659634718,407.42,0.147,True
208,1603659635271,407.42,6.166,True
209,1603659635271,407.42,0.001,True
210,1603659635271,407.42,0.599,True
211,1603659635853,407.42,0.27,True
212,1603659635994,407.42,0.143,True
213,1603659636469,407.42,0.151,True
214,1603659637303,407.42,0.183,True
215,1603659637305,407.42,2.776,True
216,1603659637805,407.43,0.254,False
217,1603659638114,407.43,1.456,False
218,1603659638114,407.43,0.001,False
219,1603659638114,407.43,0.136,False
220,1603659638115,407.43,0.001,False
221,1603659638115,407.43,0.013,False
222,1603659638115,407.43,1.0,False
223,1603659638115,407.43,1.006,False
224,1603659638115,407.43,1.007,False
225,1603659638115,407.43,0.073,False
226,1603659638115,407.44,0.384,False
227,1603659638118,407.45,0.426,False
228,1603659638118,407.45,2.317,False
229,1603659638118,407.47,2.494,False
230,1603659638118,407.48,2.497,False
231,1603659638118,407.48,1.0,False
232,1603659638118,407.48,0.307,False
233,1603659638153,407.48,2.829,True
234,1603659638467,407.5,0.035,False
235,1603659639168,407.49,0.007,True
236,1603659639172,407.49,0.008,True
237,1603659639237,407.49,0.005,True
238,1603659640295,407.49,1.458,True
239,1603659640295,407.49,3.482,True
240,1603659640305,407.49,2.073,True
241,1603659640361,407.49,6.502,True
242,1603659640361,407.49,0.016,True
243,1603659640374,407.49,0.136,True
244,1603659640375,407.49,0.151,True
245,1603659640375,407.49,1.23,True
246,1603659640375,407.48,5.001,True
247,1603659640578,407.48,0.008,True
248,1603659641693,407.48,8.044,True
249,1603659641693,407.48,0.008,True
250,1603659641693,407.48,0.076,True
251,1603659641693,407.48,2.857,True
252,1603659641694,407.44,2.08,True
253,1603659641694,407.43,1.0,True
254,1603659641694,407.43,1.935,True
255,1603659641708,407.44,2.974,True
256,1603659642253,407.42,1.578,True
257,1603659642294,407.43,0.001,False
258,1603659642481,407.42,4.722,True
259,1603659642712,407.42,0.133,True
260,1603659642940,407.42,0.791,True
261,1603659642940,407.42,1.0,True
262,1603659642940,407.42,1.955,True
263,1603659643023,407.42,2.22,True
264,1603659643203,407.42,0.739,True
265,1603659643206,407.41,0.191,True
266,1603659643206,407.41,0.426,True
267,1603659643437,407.41,3.623,True
268,1603659643662,407.41,5.066,True
269,1603659643892,407.41,2.899,True
270,1603659643893,407.41,1.43,True
271,1603659645082,407.41,2.49,True
272,1603659645082,407.41,0.898,True
273,1603659645082,407.4,2.069,True
274,1603659645082,407.4,0.05,True
275,1603659645083,407.4,0.001,True
276,1603659645083,407.4,1.596,True
277,1603659645083,407.4,0.381,True
278,1603659645142,407.4,7.114,True
279,1603659646306,407.4,0.149,True
280,1603659646340,407.4,1.484,True
281,1603659646349,407.4,0.838,True
282,1603659646513,407.4,0.034,True
283,1603659646513,407.4,0.194,True
284,1603659646513,407.4,0.074,True
285,1603659646514,407.39,9.698,True
286,1603659646580,407.39,1.017,True
287,1603659646808,407.39,3.746,True
288,1603659646966,407.39,5.237,True
289,1603659646966,407.38,0.018,True
290,1603659646966,407.38,0.018,True
291,1603659646966,407.38,0.03,True
292,1603659646966,407.38,4.697,True
293,1603659647038,407.37,0.007,True
294,1603659647038,407.37,0.587,True
295,1603659647038,407.37,0.226,True
296,1603659647038,407.37,0.647,True
297,1603659647267,407.37,1.002,True
298,1603659647496,407.37,1.033,True
299,1603659647719,407.37,0.319,True
300,1603659648384,407.37,0.955,True
301,1603659648611,407.37,6.044,True
302,1603659648611,407.37,0.647,True
303,1603659648611,407.37,0.584,True
304,1603659648611,407.37,1.002,True
305,1603659648611,407.37,1.99,True
306,1603659648690,407.37,0.001,True
307,1603659648696,407.38,0.405,False
308,1603659648842,407.37,3.912,True
309,1603659649234,407.37,0.001,True
310,1603659649416,407.37,0.01,True
311,1603659650442,407.38,0.366,False
312,1603659651464,407.38,0.236,False
313,1603659651465,407.38,1.006,False
314,1603659651465,407.38,0.002,False
315,1603659651465,407.38,0.067,False
316,1603659651465,407.38,0.001,False
317,1603659651465,407.38,0.495,False
318,1603659651465,407.38,1.0,False
319,1603659651465,407.38,0.036,False
320,1603659651465,407.4,2.384,False
321,1603659651466,407.42,0.197,False
322,1603659651469,407.43,21.257,False
323,1603659651469,407.44,2.496,False
324,1603659651469,407.44,2.494,False
325,1603659651469,407.44,1.0,False
326,1603659651469,407.45,6.306,False
327,1603659651483,407.43,6.915,True
328,1603659651668,407.48,0.004,False
329,1603659653216,407.48,0.001,True
330,1603659653216,407.48,0.001,True
331,1603659656358,407.49,0.001,False
332,1603659658317,407.48,0.006,True
333,1603659658318,407.48,0.011,True
334,1603659658318,407.48,0.217,True
335,1603659658318,407.48,0.001,True
336,1603659658318,407.48,3.795,True
337,1603659658318,407.48,0.003,True
338,1603659658318,407.48,0.888,True
339,1603659658318,407.48,0.004,True
340,1603659658319,407.48,0.006,True
341,1603659658319,407.48,0.011,True
342,1603659658320,407.48,0.006,True
343,1603659658320,407.48,0.083,True
344,1603659658320,407.48,0.058,True
345,1603659658320,407.48,0.083,True
346,1603659658320,407.48,0.595,True
347,1603659658320,407.48,0.18,True
348,1603659658320,407.48,0.011,True
349,1603659658320,407.48,0.005,True
350,1603659658321,407.46,0.555,True
351,1603659658448,407.47,1.008,False
352,1603659658448,407.47,0.051,False
353,1603659658449,407.48,1.0,False
354,1603659658974,407.48,0.766,True
355,1603659659622,407.49,0.001,False
356,1603659659622,407.49,0.001,False
357,1603659659623,407.49,0.016,False
358,1603659659623,407.49,0.014,False
359,1603659659624,407.49,0.037,False
360,1603659659624,407.49,0.003,False
361,1603659659624,407.49,0.307,False
362,1603659659624,407.49,0.001,False
363,1603659659645,407.53,3.459,True
364,1603659659853,407.55,0.771,True
365,1603659660472,407.56,0.006,False
366,1603659661407,407.56,0.13,True
367,1603659661587,407.57,0.21,False
368,1603659661587,407.57,1.0,False
369,1603659661587,407.57,1.007,False
370,1603659661607,407.61,4.816,True
371,1603659662096,407.65,0.324,True
372,1603659662096,407.65,0.355,True
373,1603659662096,407.65,3.352,True
374,1603659662167,407.66,0.01,False
375,1603659662168,407.66,0.756,False
376,1603659662169,407.66,0.002,False
377,1603659662264,407.67,0.01,False
378,1603659662265,407.67,0.01,False
379,1603659662267,407.67,0.292,False
380,1603659662300,407.7,0.01,True
381,1603659662726,407.71,0.475,False
382,1603659662728,407.71,0.568,False
383,1603659662829,407.7,0.127,True
384,1603659663010,407.7,0.203,True
385,1603659663010,407.7,0.022,True
386,1603659663011,407.7,0.014,True
387,1603659663011,407.7,0.124,True
388,1603659663011,407.7,0.006,True
389,1603659663011,407.7,0.012,True
390,1603659664885,407.7,0.002,False
391,1603659664900,407.7,0.002,False
392,1603659664900,407.7,0.002,False
393,1603659664906,407.7,0.965,False
394,1603659664906,407.7,0.174,False
395,1603659664906,407.7,0.125,False
396,1603659664906,407.7,0.132,False
397,1603659664906,407.7,0.003,False
398,1603659664906,407.7,0.238,False
399,1603659664909,407.7,1.0,False
400,1603659664909,407.7,0.128,False
401,1603659664966,407.71,0.4,False
402,1603659665016,407.71,0.57,False
403,1603659665067,407.71,0.002,False
404,1603659665073,407.71,0.002,False
405,1603659665091,407.71,0.002,False
406,1603659665100,407.71,0.002,False
407,1603659665208,407.7,0.004,True
408,1603659665208,407.7,0.129,True
409,1603659665406,407.7,0.327,True
410,1603659665430,407.71,0.002,False
411,1603659665609,407.7,0.135,True
412,1603659666279,407.7,0.004,True
413,1603659666874,407.7,0.132,True
414,1603659672971,407.7,0.17,True
415,1603659673593,407.71,0.001,False
416,1603659674145,407.71,0.001,False
417,1603659674146,407.7,0.218,True
418,1603659674146,407.7,3.528,True
419,1603659674188,407.71,0.2,False
420,1603659674189,407.71,0.385,False
421,1603659674189,407.71,0.815,False
422,1603659674189,407.71,0.2,False
423,1603659674192,407.71,0.463,False
424,1603659674193,407.71,0.737,False
425,1603659674196,407.71,0.177,False
426,1603659674197,407.71,0.023,False
427,1603659674211,407.71,0.109,False
428,1603659674211,407.71,0.175,False
429,1603659674211,407.71,1.0,False
430,1603659674211,407.71,1.007,False
431,1603659674211,407.71,0.226,False
432,1603659674211,407.71,0.16,False
433,1603659674211,407.71,1.006,False
434,1603659674211,407.71,0.044,False
435,1603659674211,407.71,0.457,False
436,1603659674211,407.71,1.124,False
437,1603659674228,407.71,3.531,True
438,1603659674373,407.74,0.22,True
439,1603659674373,407.73,0.252,True
440,1603659674375,407.73,0.884,True
441,1603659674602,407.74,0.064,True
442,1603659674602,407.74,0.003,True
443,1603659674603,407.74,0.003,True
444,1603659674603,407.73,0.001,True
445,1603659674603,407.73,2.0,True
446,1603659674603,407.71,1.97,True
447,1603659674603,407.71,0.288,True
448,1603659674726,407.71,6.484,True
449,1603659674831,407.72,0.022,True
450,1603659674831,407.72,0.542,True
451,1603659674831,407.71,4.502,True
452,1603659675077,407.71,0.019,True
453,1603659675077,407.7,0.006,True
454,1603659675078,407.7,0.006,True
455,1603659675078,407.7,0.011,True
456,1603659675080,407.7,0.005,True
457,1603659675081,407.7,0.011,True
458,1603659675081,407.7,0.006,True
459,1603659675081,407.7,0.012,True
460,1603659675081,407.7,0.001,True
461,1603659675081,407.7,0.006,True
462,1603659675081,407.7,0.011,True
463,1603659675081,407.7,0.005,True
464,1603659675081,407.7,0.001,True
465,1603659675081,407.7,2.0,True
466,1603659675081,407.69,0.006,True
467,1603659675082,407.69,0.011,True
468,1603659675082,407.69,2.0,True
469,1603659675082,407.69,0.605,True
470,1603659675166,407.73,0.005,False
471,1603659675269,407.73,0.011,False
472,1603659675302,407.72,0.001,True
473,1603659675304,407.72,0.001,True
474,1603659675304,407.71,0.001,True
475,1603659675304,407.69,1.395,True
476,1603659675305,407.68,0.316,True
477,1603659675305,407.68,0.021,True
478,1603659675305,407.68,0.708,True
479,1603659675305,407.68,0.02,True
480,1603659675305,407.68,0.935,True
481,1603659675305,407.68,0.225,True
482,1603659675530,407.7,0.003,True
483,1603659675530,407.7,0.001,True
484,1603659675530,407.68,0.129,True
485,1603659675661,407.71,0.006,False
486,1603659675762,407.7,0.003,True
487,1603659675762,407.68,0.547,True
488,1603659675762,407.66,1.028,True
489,1603659675767,407.71,0.011,False
490,1603659675861,407.68,6.013,True
491,1603659678786,407.71,0.011,False
492,1603659678953,407.7,0.006,True
493,1603659678953,407.7,0.011,True
494,1603659679071,407.7,0.001,True
495,1603659679072,407.7,0.001,True
496,1603659679072,407.7,0.001,True
497,1603659679072,407.7,0.006,True
498,1603659679072,407.69,3.737,True
499,1603659679295,407.68,0.011,False
500,1603659679299,407.67,1.002,True
501,1603659679963,407.67,1.017,True
502,1603659680626,407.67,0.838,True
503,1603659681282,407.67,0.031,True
504,1603659681283,407.67,0.001,True
505,1603659681283,407.67,0.005,True
506,1603659681283,407.67,0.012,True
507,1603659681283,407.67,0.003,True
508,1603659681284,407.65,1.415,True
509,1603659681512,407.63,0.955,True
510,1603659681740,407.63,2.0,True
511,1603659681740,407.63,1.912,True
512,1603659681969,407.64,0.029,True
513,1603659681970,407.64,1.004,True
514,1603659682198,407.64,0.021,True
515,1603659682198,407.64,1.395,True
516,1603659682198,407.64,0.009,True
517,1603659682198,407.63,0.088,True
518,1603659682198,407.63,0.001,True
519,1603659682199,407.62,0.001,True
520,1603659682199,407.61,0.2,True
521,1603659682199,407.61,8.552,True
522,1603659682424,407.64,0.016,True
523,1603659682424,407.62,0.303,True
524,1603659683356,407.65,0.284,False
525,1603659683357,407.65,0.097,False
526,1603659683357,407.65,1.272,False
527,1603659683357,407.65,0.885,False
528,1603659683357,407.65,0.503,False
529,1603659685098,407.64,0.01,True
530,1603659685098,407.64,0.001,True
531,1603659685098,407.64,0.005,True
532,1603659685098,407.64,0.001,True
533,1603659685098,407.64,0.068,True
534,1603659685098,407.63,2.0,True
535,1603659685098,407.63,2.0,True
536,1603659685098,407.62,6.0,True
537,1603659685099,407.61,6.0,True
538,1603659685100,407.6,1.093,True
539,1603659685325,407.6,4.896,True
540,1603659686823,407.61,0.038,False
541,1603659686824,407.61,0.036,False
542,1603659686824,407.61,0.429,False
543,1603659686824,407.61,0.772,False
544,1603659686825,407.61,0.214,False
545,1603659686826,407.61,0.019,False
546,1603659686826,407.61,0.111,False
547,1603659686826,407.61,0.198,False
548,1603659686826,407.61,0.786,False
549,1603659687311,407.63,0.01,True
550,1603659687311,407.63,0.142,True
551,1603659687913,407.64,0.265,False
552,1603659688141,407.64,0.735,False
553,1603659688142,407.64,0.001,False
554,1603659688142,407.65,0.04,False
555,1603659688142,407.68,0.346,False
556,1603659689958,407.69,0.005,True
557,1603659689959,407.69,0.07,True
558,1603659690418,407.69,4.311,True
559,1603659690418,407.69,4.381,True
560,1603659690418,407.69,1.816,True
561,1603659690643,407.69,2.04,True
562,1603659690669,407.7,1.861,False
563,1603659690670,407.7,1.0,False
564,1603659690670,407.7,0.049,False
565,1603659690670,407.7,0.031,False
566,1603659690670,407.73,2.468,False
567,1603659690671,407.76,0.2,False
568,1603659690671,407.76,0.49,False
569,1603659690671,407.77,2.496,False
570,1603659690671,407.78,2.494,False
571,1603659690683,407.79,6.012,True
572,1603659690689,407.79,1.21,True
573,1603659690691,407.79,0.245,True
574,1603659690691,407.79,0.194,True
575,1603659690692,407.76,0.051,True
576,1603659690875,407.71,2.838,True
577,1603659693317,407.72,0.201,False
578,1603659696071,407.72,0.1,False
579,1603659696936,407.72,0.001,False
580,1603659696936,407.72,0.001,False
581,1603659699940,407.72,0.998,False
582,1603659699942,407.72,0.201,False
583,1603659699942,407.72,2.618,False
584,1603659699942,407.72,0.001,False
585,1603659699943,407.72,0.435,False
586,1603659699943,407.72,1.008,False
587,1603659699943,407.72,0.585,False
588,1603659699943,407.72,0.002,False
589,1603659699943,407.72,0.004,False
590,1603659699943,407.73,2.148,False
591,1603659700932,407.77,0.034,False
592,1603659700936,407.79,0.966,False
593,1603659702332,407.79,0.001,False
594,1603659703898,407.79,0.002,False
595,1603659705993,407.78,0.007,True
596,1603659705993,407.78,0.001,True
597,1603659705994,407.78,0.001,True
598,1603659705994,407.78,0.001,True
599,1603659705994,407.78,0.001,True
600,1603659705994,407.76,0.001,True
601,1603659705995,407.73,4.71,True
602,1603659706019,407.74,2.89,True
603,1603659706223,407.72,2.665,True
604,1603659706223,407.72,1.582,True
605,1603659706223,407.68,0.082,True
606,1603659706451,407.69,1.582,True
607,1603659706451,407.69,0.001,True
608,1603659706451,407.68,2.163,True
609,1603659706681,407.69,0.001,True
610,1603659706682,407.68,0.403,True
611,1603659706683,407.68,1.174,True
612,1603659706910,407.69,0.001,True
613,1603659706910,407.68,0.001,True
614,1603659706910,407.67,1.354,True
615,1603659707142,407.68,0.001,True
616,1603659707142,407.67,0.646,True
617,1603659707144,407.67,2.0,True
618,1603659707144,407.67,0.976,True
619,1603659707371,407.66,3.9,True
620,1603659707372,407.65,1.166,True
621,1603659707602,407.68,0.133,True
622,1603659711631,407.69,3.333,False
623,1603659711631,407.69,0.026,False
624,1603659711631,407.69,0.003,False
625,1603659711631,407.69,0.024,False
626,1603659711631,407.69,0.084,False
627,1603659711631,407.69,3.321,False
628,1603659711631,407.69,0.812,False
629,1603659711632,407.69,0.387,False
630,1603659711632,407.69,0.242,False
631,1603659711632,407.69,0.168,False
632,1603659711633,407.69,0.001,False
633,1603659711634,407.69,0.001,False
634,1603659711634,407.69,0.157,False
635,1603659711634,407.69,0.739,False
636,1603659711635,407.69,0.003,False
637,1603659711635,407.69,1.272,False
638,1603659711635,407.69,5.0,False
639,1603659711635,407.69,1.007,False
640,1603659711635,407.69,0.019,False
641,1603659711635,407.69,0.037,False
642,1603659711635,407.71,2.572,False
643,1603659711635,407.72,0.792,False
644,1603659712657,407.72,1.467,True
645,1603659712888,407.72,0.001,True
646,1603659712888,407.72,0.001,True
647,1603659712888,407.72,0.001,True
648,1603659712889,407.7,0.316,True
649,1603659713125,407.68,0.2,True
650,1603659713125,407.68,0.001,True
651,1603659713125,407.68,2.0,True
652,1603659713125,407.68,1.711,True
653,1603659713348,407.68,0.289,True
654,1603659713349,407.68,0.001,True
655,1603659713349,407.68,0.53,True
656,1603659713349,407.68,0.135,True
657,1603659713578,407.68,0.6,True
658,1603659713579,407.65,0.417,True
659,1603659713808,407.68,0.266,True
660,1603659713811,407.67,0.767,True
661,1603659714037,407.68,0.357,True
662,1603659714037,407.67,0.645,True
663,1603659714269,407.68,0.317,True
664,1603659714269,407.67,0.959,True
665,1603659714269,407.67,0.206,True
666,1603659714269,407.67,0.004,True
667,1603659714269,407.67,0.02,True
668,1603659714269,407.67,2.24,True
669,1603659714499,407.68,0.244,True
670,1603659714499,407.67,2.179,True
671,1603659714500,407.66,0.969,True
672,1603659714500,407.65,6.875,True
673,1603659714724,407.65,0.186,True
674,1603659714725,407.64,0.652,True
675,1603659715117,407.68,2.487,False
676,1603659715118,407.68,0.635,False
677,1603659718551,407.67,0.002,True
678,1603659718552,407.67,0.001,True
679,1603659718552,407.67,0.005,True
680,1603659721033,407.67,0.001,True
681,1603659721036,407.67,0.031,True
682,1603659721036,407.67,0.001,True
683,1603659723119,407.67,0.081,False
684,1603659723119,407.67,0.116,False
685,1603659723119,407.67,0.922,False
686,1603659723119,407.67,0.302,False
687,1603659723119,407.67,1.902,False
688,1603659726748,407.66,0.605,True
689,1603659726748,407.66,0.195,True
690,1603659726748,407.66,0.002,True
691,1603659726748,407.66,0.046,True
692,1603659726748,407.66,0.009,True
693,1603659726748,407.66,4.585,True
694,1603659726831,407.66,4.92,True
695,1603659728350,407.67,0.001,False
696,1603659728950,407.67,0.121,False
697,1603659728952,407.67,0.157,False
698,1603659728952,407.67,0.825,False
699,1603659728952,407.67,0.452,False
700,1603659728952,407.67,0.118,False
701,1603659728952,407.67,0.001,False
702,1603659728953,407.67,0.251,False
703,1603659728953,407.67,0.646,False
704,1603659728953,407.67,0.005,False
705,1603659728953,407.67,0.109,False
706,1603659728953,407.67,0.02,False
707,1603659728953,407.67,0.037,False
708,1603659728953,407.67,0.295,False
709,1603659728953,407.67,0.122,False
710,1603659728954,407.67,0.12,False
711,1603659728955,407.67,0.004,False
712,1603659728955,407.67,1.843,False
713,1603659728955,407.67,0.214,False
714,1603659728955,407.67,1.801,False
715,1603659728955,407.67,5.165,False
716,1603659728955,407.67,0.119,False
717,1603659728955,407.67,0.117,False
718,1603659728955,407.67,4.032,False
719,1603659728955,407.67,5.319,False
720,1603659728955,407.67,0.117,False
721,1603659728956,407.67,0.04,False
722,1603659728956,407.67,0.02,False
723,1603659728956,407.67,0.003,False
724,1603659728956,407.67,0.119,False
725,1603659728956,407.67,1.218,False
726,1603659728956,407.67,0.113,False
727,1603659728956,407.67,9.43,False
728,1603659728956,407.67,0.001,False
729,1603659728956,407.67,0.243,False
730,1603659728956,407.67,1.0,False
731,1603659728956,407.67,0.018,False
732,1603659728956,407.67,0.039,False
733,1603659728956,407.67,1.839,False
734,1603659728956,407.67,6.167,False
735,1603659728956,407.67,0.001,False
736,1603659729014,407.67,0.02,True
737,1603659729109,407.67,0.037,True
738,1603659729193,407.68,0.019,False
739,1603659729193,407.68,0.04,False
740,1603659729193,407.68,0.02,False
741,1603659729193,407.68,0.04,False
742,1603659729194,407.68,0.039,False
743,1603659729194,407.68,0.02,False
744,1603659729250,407.69,0.037,False
745,1603659729250,407.69,0.019,False
746,1603659729508,407.73,0.02,True
747,1603659729618,407.73,0.039,True
748,1603659737830,407.73,0.043,True
749,1603659738070,407.73,0.098,True
750,1603659738301,407.73,0.037,True
751,1603659738533,407.73,0.001,True
752,1603659738533,407.73,0.004,True
753,1603659738533,407.73,0.002,True
754,1603659738533,407.73,0.002,True
755,1603659738533,407.73,0.001,True
756,1603659738533,407.73,0.001,True
757,1603659738533,407.73,0.001,True
758,1603659738533,407.73,0.003,True
759,1603659738534,407.73,0.001,True
760,1603659738534,407.73,0.001,True
761,1603659738534,407.73,0.059,True
762,1603659738535,407.69,0.026,True
763,1603659738763,407.7,0.117,True
764,1603659738995,407.7,0.137,True
765,1603659739220,407.7,0.004,True
766,1603659739882,407.7,0.001,True
767,1603659739884,407.69,0.127,True
768,1603659744232,407.69,0.001,True
769,1603659744233,407.69,0.015,True
770,1603659744957,407.69,0.001,True
771,1603659744957,407.69,0.284,True
772,1603659744957,407.69,0.001,True
773,1603659744957,407.69,0.002,True
774,1603659744957,407.69,0.024,True
775,1603659744957,407.67,0.395,True
776,1603659744957,407.67,0.31,True
777,1603659745183,407.68,0.838,True
778,1603659745408,407.68,0.209,True
779,1603659745409,407.68,0.131,True
780,1603659745409,407.68,0.662,True
781,1603659745638,407.68,0.678,True
782,1603659745639,407.68,0.153,True
783,1603659745639,407.68,1.125,True
784,1603659745639,407.67,1.79,True
785,1603659745868,407.68,0.647,True
786,1603659745868,407.68,2.409,True
787,1603659745868,407.66,0.856,True
788,1603659746101,407.68,0.001,True
789,1603659746101,407.68,0.699,True
790,1603659746102,407.66,0.333,True
791,1603659746330,407.66,1.467,True
792,1603659746559,407.66,0.319,True
793,1603659746788,407.66,5.681,True
794,1603659746788,407.66,0.827,True
795,1603659746788,407.66,1.519,True
796,1603659746788,407.65,2.24,True
797,1603659747018,407.65,0.955,True
798,1603659747121,407.66,0.106,False
799,1603659747121,407.66,0.885,False
800,1603659747121,407.66,1.732,False
801,1603659747121,407.66,3.3,False
802,1603659747140,407.66,3.2,False
803,1603659747141,407.66,3.2,False
804,1603659747148,407.64,0.02,True
805,1603659747226,407.65,0.038,True
806,1603659749118,407.66,0.947,False
807,1603659749118,407.66,0.02,False
808,1603659749118,407.66,0.704,False
809,1603659749119,407.66,0.001,False
810,1603659749119,407.66,0.244,False
811,1603659749119,407.66,0.007,False
812,1603659749119,407.66,8.467,False
813,1603659749119,407.68,2.377,False
814,1603659749146,407.69,0.019,True
815,1603659749214,407.7,0.002,False
816,1603659749214,407.7,0.001,False
817,1603659749236,407.69,0.038,True
818,1603659751150,407.69,0.019,True
819,1603659751231,407.69,0.04,True
820,1603659753157,407.69,0.02,True
821,1603659753240,407.69,0.037,True
822,1603659755146,407.69,0.019,True
823,1603659755287,407.69,0.041,True
824,1603659757432,407.7,4.999,False
825,1603659757434,407.7,0.001,False
826,1603659757434,407.7,0.696,False
827,1603659757434,407.7,0.366,False
828,1603659768053,407.75,1.007,False
829,1603659768053,407.75,0.036,False
830,1603659768053,407.75,0.782,False
831,1603659768053,407.75,0.025,False
832,1603659768311,407.75,0.001,False
833,1603659768842,407.75,0.001,False
834,1603659769090,407.75,4.973,False
835,1603659769091,407.75,0.027,False
836,1603659771909,407.75,0.001,False
837,1603659776460,407.74,0.065,True
838,1603659776597,407.75,0.001,False
839,1603659777258,407.74,1.002,True
840,1603659777314,407.74,2.871,True
841,1603659777314,407.74,2.079,True
842,1603659777317,407.74,0.004,True
843,1603659777317,407.74,0.004,True
844,1603659777317,407.74,0.002,True
845,1603659777317,407.74,0.001,True
846,1603659777317,407.74,0.001,True
847,1603659777318,407.74,0.001,True
848,1603659777318,407.74,0.002,True
849,1603659777318,407.74,0.001,True
850,1603659777318,407.74,0.001,True
851,1603659777318,407.74,0.002,True
852,1603659777318,407.74,0.001,True
853,1603659777318,407.74,0.001,True
854,1603659777318,407.74,0.001,True
855,1603659777318,407.74,0.001,True
856,1603659777485,407.69,0.319,True
857,1603659777715,407.69,0.838,True
858,1603659777941,407.69,0.843,True
859,1603659777942,407.66,0.624,True
860,1603659778166,407.67,0.495,True
861,1603659778167,407.66,0.991,True
862,1603659778167,407.65,1.906,True
863,1603659778167,407.65,6.875,True
864,1603659778395,407.67,0.73,True
865,1603659778396,407.65,0.225,True
866,1603659778636,407.65,0.317,True
867,1603659778637,407.64,0.7,True
868,1603659778852,407.65,0.197,True
869,1603659778852,407.65,0.445,True
870,1603659778852,407.65,0.345,True
871,1603659778852,407.64,1.3,True
872,1603659778852,407.64,1.625,True
873,1603659779065,407.65,0.199,True
874,1603659779089,407.65,0.054,True
875,1603659779089,407.64,0.375,True
876,1603659779090,407.64,0.604,True
877,1603659779316,407.65,0.083,True
878,1603659779317,407.65,0.034,True
879,1603659779318,407.64,2.0,True
880,1603659779318,407.64,0.013,True
881,1603659779318,407.64,1.616,True
882,1603659779743,407.66,0.068,False
883,1603659779744,407.66,0.095,False
884,1603659779744,407.66,0.237,False
885,1603659779744,407.66,0.097,False
886,1603659779744,407.66,0.001,False
887,1603659779744,407.66,0.001,False
888,1603659779744,407.66,0.003,False
889,1603659779744,407.66,0.332,False
890,1603659779744,407.66,0.008,False
891,1603659779744,407.66,0.014,False
892,1603659779744,407.66,0.004,False
893,1603659779746,407.66,6.666,False
894,1603659779746,407.66,1.64,False
895,1603659779746,407.66,0.121,False
896,1603659779746,407.66,0.001,False
897,1603659779746,407.66,0.016,False
898,1603659779746,407.66,0.058,False
899,1603659779746,407.66,0.285,False
900,1603659779747,407.66,0.228,False
901,1603659779747,407.66,0.308,False
902,1603659779747,407.66,1.061,False
903,1603659779747,407.66,0.029,False
904,1603659779747,407.67,0.905,False
905,1603659779747,407.68,2.187,False
906,1603659779747,407.71,2.497,False
907,1603659779748,407.71,2.493,False
908,1603659779748,407.72,1.728,False
909,1603659779748,407.72,0.082,False
910,1603659779748,407.72,7.359,False
911,1603659779749,407.72,2.838,False
912,1603659779749,407.73,30.084,False
913,1603659779749,407.73,1.05,False
914,1603659779749,407.74,0.245,False
915,1603659779749,407.74,7.358,False
916,1603659779750,407.75,0.014,False
917,1603659779750,407.75,0.007,False
918,1603659779750,407.75,0.014,False
919,1603659779751,407.75,0.007,False
920,1603659779751,407.75,0.015,False
921,1603659779751,407.75,0.007,False
922,1603659779751,407.75,1.729,False
923,1603659779751,407.75,7.359,False
924,1603659779751,407.76,2.339,False
925,1603659781493,407.75,0.062,False
926,1603659781494,407.75,0.373,False
927,1603659781494,407.76,4.502,False
928,1603659781494,407.76,0.063,False
929,1603659785108,407.74,0.005,True
930,1603659785108,407.74,0.001,True
931,1603659785108,407.74,0.002,True
932,1603659785108,407.74,0.001,True
933,1603659785406,407.73,0.001,True
934,1603659785406,407.68,0.031,True
935,1603659785431,407.69,5.947,True
936,1603659785704,407.69,0.317,True
937,1603659793691,407.68,0.004,True
938,1603659793691,407.68,0.009,True
939,1603659793691,407.68,0.001,True
940,1603659793691,407.68,0.002,True
941,1603659793691,407.68,0.001,True
942,1603659793691,407.68,0.001,True
943,1603659793691,407.68,0.001,True
944,1603659793691,407.68,0.037,True
945,1603659793691,407.67,0.932,True
946,1603659797886,407.66,0.005,False
947,1603659798300,407.65,0.007,True
948,1603659798317,407.65,0.015,True
949,1603659798853,407.66,0.145,False
950,1603659798853,407.66,0.347,False
951,1603659798853,407.66,0.125,False
952,1603659798853,407.66,0.014,False
953,1603659798853,407.66,0.008,False
954,1603659798854,407.66,0.007,False
955,1603659798854,407.66,0.015,False
956,1603659798854,407.66,0.698,False
957,1603659798854,407.67,0.116,False
958,1603659798854,407.67,0.113,False
959,1603659798854,407.67,0.115,False
960,1603659798854,407.67,0.21,False
961,1603659798856,407.67,0.112,False
962,1603659798856,407.69,0.007,False
963,1603659798856,407.69,0.014,False
964,1603659798856,407.69,0.014,False
965,1603659798856,407.69,0.008,False
966,1603659798856,407.69,0.014,False
967,1603659798856,407.69,0.007,False
968,1603659798856,407.69,0.118,False
969,1603659798856,407.69,0.004,False
970,1603659798856,407.69,0.153,False
971,1603659798857,407.69,0.807,False
972,1603659798857,407.69,0.11,False
973,1603659798857,407.69,0.119,False
974,1603659798857,407.69,0.116,False
975,1603659798857,407.69,0.288,False
976,1603659798857,407.69,0.007,False
977,1603659798857,407.69,0.013,False
978,1603659798858,407.69,0.877,False
979,1603659798858,407.69,0.004,False
980,1603659798858,407.72,0.031,False
981,1603659798858,407.72,1.957,False
982,1603659798858,407.73,2.496,False
983,1603659798858,407.74,1.411,False
984,1603659798858,407.74,1.664,False
985,1603659798880,407.68,2.773,True
986,1603659799797,407.71,0.003,True
987,1603659799797,407.71,0.001,True
988,1603659801299,407.69,0.001,True
989,1603659801299,407.69,0.001,True
990,1603659801300,407.69,0.001,True
991,1603659801300,407.69,0.001,True
992,1603659801300,407.68,0.001,True
993,1603659801300,407.65,0.002,True
994,1603659801302,407.65,0.014,True
995,1603659803800,407.69,0.013,True
996,1603659803862,407.69,0.007,True
997,1603659809544,407.69,0.001,True
998,1603659809545,407.69,7.912,True
999,1603659809546,407.69,0.019,True
1000,1603659809546,407.69,0.001,True
1001,1603659809546,407.69,0.508,True
1002,1603659809546,407.69,0.001,True
1003,1603659809546,407.69,0.001,True
1004,1603659809547,407.68,0.84,True
1005,1603659809547,407.67,0.984,True
1006,1603659809775,407.67,0.748,True
1007,1603659809775,407.67,0.243,True
1008,1603659809776,407.66,2.755,True
1009,1603659810002,407.67,0.17,True
1010,1603659810003,407.66,0.149,True
1011,1603659810230,407.67,0.211,True
1012,1603659810231,407.66,0.744,True
1013,1603659810461,407.67,0.217,True
1014,1603659810461,407.66,0.785,True
1015,1603659810686,407.67,0.42,True
1016,1603659810687,407.66,3.492,True
1017,1603659810916,407.66,1.017,True
1018,1603659811143,407.67,0.87,True
1019,1603659811144,407.66,0.163,True
1020,1603659811370,407.66,0.838,True
1021,1603659811601,407.67,0.521,True
1022,1603659811601,407.66,0.946,True
1023,1603659815028,407.67,0.002,False
1024,1603659815030,407.67,0.001,False
1025,1603659815030,407.67,0.079,False
1026,1603659815030,407.67,0.047,False
1027,1603659815030,407.67,0.088,False
1028,1603659815030,407.67,0.077,False
1029,1603659815031,407.67,0.59,False
1030,1603659815031,407.67,0.001,False
1031,1603659815031,407.67,0.001,False
1032,1603659815031,407.67,0.077,False
1033,1603659816423,407.66,0.001,True
1034,1603659816423,407.66,0.009,True
1035,1603659816439,407.66,0.008,True
1036,1603659818928,407.66,0.001,True
1037,1603659818928,407.66,0.005,True
1038,1603659818932,407.66,0.016,True
1039,1603659823633,407.67,0.355,False
1040,1603659823633,407.67,0.466,False
1041,1603659823633,407.67,0.003,False
1042,1603659823633,407.67,0.501,False
1043,1603659823634,407.67,0.002,False
1044,1603659823634,407.67,0.001,False
1045,1603659823634,407.67,0.12,False
1046,1603659823635,407.67,0.027,False
1047,1603659823635,407.67,0.039,False
1048,1603659823654,407.68,6.316,True
1049,1603659830280,407.75,0.144,False
1050,1603659836418,407.75,0.001,False
1051,1603659836875,407.74,0.065,True
1052,1603659837215,407.75,7.767,False
1053,1603659837215,407.75,1.338,False
1054,1603659837220,407.75,5.209,False
1055,1603659837639,407.74,0.001,True
1056,1603659837639,407.74,0.011,True
1057,1603659837639,407.74,0.001,True
1058,1603659837639,407.74,0.004,True
1059,1603659837640,407.74,0.001,True
1060,1603659837640,407.74,0.001,True
1061,1603659837640,407.74,0.196,True
1062,1603659837640,407.74,0.001,True
1063,1603659837640,407.74,0.001,True
1064,1603659837640,407.74,0.011,True
1065,1603659837642,407.74,0.001,True
1066,1603659837642,407.74,0.001,True
1067,1603659837642,407.74,0.001,True
1068,1603659837642,407.74,0.004,True
1069,1603659837642,407.74,0.001,True
1070,1603659837642,407.74,0.002,True
1071,1603659837642,407.74,0.002,True
1072,1603659837642,407.74,0.049,True
1073,1603659837642,407.74,0.148,True
1074,1603659837642,407.74,0.001,True
1075,1603659837642,407.74,0.001,True
1076,1603659837642,407.74,0.755,True
1077,1603659837642,407.71,1.353,True
1078,1603659838515,407.71,0.023,True
1079,1603659839546,407.7,0.199,True
1080,1603659840075,407.71,5.0,False
1081,1603659840375,407.71,0.046,False
1082,1603659840375,407.71,0.149,False
1083,1603659840376,407.71,0.081,False
1084,1603659840377,407.71,0.003,False
1085,1603659840377,407.71,0.001,False
1086,1603659840377,407.71,0.001,False
1087,1603659840378,407.71,0.003,False
1088,1603659840378,407.71,0.096,False
1089,1603659840378,407.71,0.41,False
1090,1603659840378,407.71,0.136,False
1091,1603659840378,407.71,0.054,False
1092,1603659840378,407.71,0.001,False
1093,1603659840380,407.71,0.019,False
1094,1603659841835,407.7,1.46,True
1095,1603659842073,407.7,0.341,True
1096,1603659842073,407.7,0.207,True
1097,1603659842262,407.71,0.014,False
1098,1603659842262,407.71,0.03,False
1099,1603659842262,407.71,2.706,False
1100,1603659842309,407.7,0.001,True
1101,1603659842310,407.7,0.133,True
1102,1603659842310,407.7,0.001,True
1103,1603659842310,407.7,0.1,True
1104,1603659842310,407.7,0.139,True
1105,1603659842422,407.7,0.275,True
1106,1603659842545,407.7,3.832,True
1107,1603659842775,407.7,0.38,True
1108,1603659842938,407.7,0.003,True
1109,1603659843003,407.7,0.001,True
1110,1603659843003,407.7,0.2,True
1111,1603659843003,407.69,0.155,True
1112,1603659843235,407.7,0.1,True
1113,1603659843235,407.69,0.213,True
1114,1603659843425,407.7,0.1,True
1115,1603659843425,407.69,0.669,True
1116,1603659843466,407.69,0.963,True
1117,1603659843469,407.69,0.435,True
1118,1603659843680,407.69,0.108,True
1119,1603659843694,407.69,0.092,True
1120,1603659843695,407.68,0.027,True
1121,1603659843930,407.68,0.1,True
1122,1603659843930,407.67,0.1,True
1123,1603659843934,407.66,0.186,True
1124,1603659844543,407.68,0.2,True
1125,1603659844713,407.68,0.111,True
1126,1603659844760,407.68,0.002,True
1127,1603659845516,407.68,0.053,True
1128,1603659845518,407.68,0.058,True
1129,1603659851858,407.68,0.106,True
1130,1603659851921,407.68,0.147,True
1131,1603659852129,407.68,0.015,True
1132,1603659852234,407.68,0.029,True
1133,1603659852787,407.68,0.106,True
1134,1603659853917,407.68,0.001,True
1135,1603659854278,407.68,0.112,True
1136,1603659854651,407.68,0.014,True
1137,1603659854767,407.68,0.028,True
1138,1603659854836,407.68,1.137,True
1139,1603659855284,407.68,0.114,True
1140,1603659855767,407.68,0.109,True
1141,1603659857628,407.68,0.014,True
1142,1603659857748,407.68,0.01,True
1143,1603659857750,407.68,0.02,True
1144,1603659858494,407.69,0.203,False
1145,1603659858494,407.69,0.015,False
1146,1603659858496,407.69,0.029,False
1147,1603659858496,407.69,0.021,False
1148,1603659858496,407.69,0.523,False
1149,1603659858496,407.69,0.203,False
1150,1603659858496,407.69,0.015,False
1151,1603659858496,407.69,0.029,False
1152,1603659858496,407.69,0.001,False
1153,1603659858498,407.69,0.127,False
1154,1603659858498,407.69,0.015,False
1155,1603659858498,407.69,0.03,False
1156,1603659858498,407.69,0.015,False
1157,1603659858499,407.69,0.03,False
1158,1603659858499,407.69,0.315,False
1159,1603659858499,407.69,1.557,False
1160,1603659858500,407.69,0.015,False
1161,1603659858501,407.69,0.03,False
1162,1603659858501,407.69,0.015,False
1163,1603659858501,407.69,0.03,False
1164,1603659858502,407.69,0.006,False
1165,1603659858502,407.69,0.155,False
1166,1603659858502,407.69,0.015,False
1167,1603659858502,407.69,0.028,False
1168,1603659858515,407.71,0.015,False
1169,1603659858515,407.71,0.03,False
1170,1603659858515,407.71,0.117,False
1171,1603659858523,407.71,0.97,False
1172,1603659858533,407.71,4.239,False
1173,1603659858533,407.71,5.737,False
1174,1603659858534,407.71,0.204,False
1175,1603659858535,407.71,3.144,False
1176,1603659858535,407.71,7.038,False
1177,1603659858535,407.71,0.208,False
1178,1603659858551,407.72,0.128,False
1179,1603659858573,407.72,5.457,True
1180,1603659858610,407.8,0.018,False
1181,1603659858622,407.79,0.016,True
1182,1603659858681,407.8,0.074,False
1183,1603659858771,407.78,0.029,True
1184,1603659859341,407.79,14.984,False
1185,1603659861966,407.79,0.001,False
1186,1603659861974,407.78,0.053,True
1187,1603659862027,407.79,0.001,False
1188,1603659862376,407.79,0.012,False
1189,1603659862376,407.79,0.03,False
1190,1603659862376,407.79,0.383,False
1191,1603659862463,407.79,1.556,False
1192,1603659862463,407.79,0.697,False
1193,1603659862464,407.79,15.138,False
1194,1603659862465,407.79,0.482,False
1195,1603659862465,407.79,0.014,False
1196,1603659862465,407.79,0.029,False
1197,1603659862465,407.81,18.932,False
1198,1603659862466,407.83,2.006,False
1199,1603659862466,407.84,1.458,False
1200,1603659862487,407.79,3.303,True
1201,1603659862552,407.87,0.001,False
1202,1603659862552,407.87,0.001,False
1203,1603659862552,407.88,3.731,False
1204,1603659862553,407.88,4.907,False
1205,1603659862561,407.88,7.353,False
1206,1603659862631,407.88,0.047,False
1207,1603659862632,407.88,1.306,False
1208,1603659862637,407.88,4.426,False
1209,1603659862637,407.91,0.074,False
1210,1603659862637,407.91,0.074,False
1211,1603659862638,407.93,0.622,False
1212,1603659862657,407.93,2.155,False
1213,1603659863630,407.93,0.092,True
1214,1603659863630,407.93,0.138,True
1215,1603659863717,407.94,0.004,False
1216,1603659863717,407.94,0.02,False
1217,1603659863718,407.94,17.24,False
1218,1603659863718,407.94,3.76,False
1219,1603659863718,407.96,2.496,False
1220,1603659863720,407.97,16.084,False
1221,1603659863720,407.97,2.413,False
1222,1603659863720,407.97,2.0,False
1223,1603659863720,407.97,8.385,False
1224,1603659865174,407.94,6.771,True
1225,1603659865624,407.96,3.0,False
1226,1603659866707,407.95,0.001,True
1227,1603659866707,407.95,0.001,True
1228,1603659866707,407.95,0.013,True
1229,1603659866707,407.95,0.001,True
1230,1603659866709,407.95,0.001,True
1231,1603659866709,407.95,0.003,True
1232,1603659866709,407.95,0.001,True
1233,1603659866709,407.95,0.459,True
1234,1603659866709,407.95,0.001,True
1235,1603659866709,407.95,0.001,True
1236,1603659866709,407.95,0.001,True
1237,1603659866709,407.95,0.005,True
1238,1603659866709,407.93,0.001,True
1239,1603659866710,407.93,4.511,True
1240,1603659869363,407.94,0.001,False
1241,1603659870923,407.93,0.007,True
1242,1603659876993,407.93,0.001,True
1243,1603659878732,407.94,0.076,False
1244,1603659878732,407.94,0.001,False
1245,1603659878732,407.94,0.086,False
1246,1603659878732,407.94,0.189,False
1247,1603659878732,407.94,0.41,False
1248,1603659878732,407.94,0.621,False
1249,1603659881455,407.93,0.084,True
1250,1603659881795,407.94,0.01,False
1251,1603659881863,407.94,0.017,False
1252,1603659884544,407.93,0.001,True
1253,1603659888076,407.94,1.422,False
1254,1603659888076,407.94,0.078,False
1255,1603659888223,407.93,0.001,True
1256,1603659888369,407.94,0.19,False
1257,1603659888369,407.94,0.002,False
1258,1603659888369,407.94,0.496,False
1259,1603659888372,407.94,0.001,False
1260,1603659888372,407.94,0.001,False
1261,1603659888372,407.94,0.231,False
1262,1603659888372,407.94,0.013,False
1263,1603659888372,407.94,0.001,False
1264,1603659888372,407.98,25.065,False
1265,1603659891052,407.99,0.65,False
1266,1603659891052,407.99,0.268,False
1267,1603659891052,407.99,0.161,False
1268,1603659891052,407.99,0.041,False
1269,1603659891052,407.99,0.387,False
1270,1603659891054,407.99,0.163,False
1271,1603659891054,407.99,0.074,False
1272,1603659891054,407.99,0.001,False
1273,1603659891054,407.99,0.001,False
1274,1603659891054,407.99,0.003,False
1275,1603659891055,407.99,0.028,False
1276,1603659891055,407.99,0.03,False
1277,1603659891055,407.99,4.0,False
1278,1603659891055,408.0,1.093,False
1279,1603659891055,408.01,0.12,False
1280,1603659891055,408.01,14.706,False
1281,1603659891056,408.02,0.89,False
1282,1603659891056,408.02,0.545,False
1283,1603659891997,408.01,0.006,True
1284,1603659896716,408.02,0.001,False
1285,1603659897119,408.02,2.21,False
1286,1603659897127,408.02,0.751,False
1287,1603659897129,408.02,2.084,False
1288,1603659897129,408.02,0.609,False
1289,1603659897314,408.01,0.004,True
1290,1603659897314,408.01,0.061,True
1291,1603659898690,408.01,0.001,True
1292,1603659899981,408.01,0.001,True
1293,1603659899981,408.01,0.002,True
1294,1603659899981,408.01,0.196,True
1295,1603659900223,408.01,0.001,True
1296,1603659900223,408.01,0.011,True
1297,1603659900243,408.01,0.008,True
1298,1603659900257,408.01,0.587,True
1299,1603659900257,408.01,0.106,True
1300,1603659900257,408.01,0.4,True
1301,1603659900258,408.01,0.001,True
1302,1603659900259,408.01,0.001,True
1303,1603659900259,408.01,0.01,True
1304,1603659900259,408.01,5.0,True
1305,1603659900259,408.01,0.001,True
1306,1603659900259,408.01,0.065,True
1307,1603659900274,407.98,0.004,True
1308,1603659900275,407.98,0.009,True
1309,1603659900275,407.98,0.001,True
1310,1603659900276,407.98,0.001,True
1311,1603659900276,407.99,33.55,False
1312,1603659900293,407.95,1.0,True
1313,1603659900316,407.94,5.818,True
1314,1603659900347,407.93,11.564,True
1315,1603659900348,407.93,12.786,True
1316,1603659900405,407.9,1.21,True
1317,1603659900423,407.9,0.79,True
1318,1603659900424,407.9,0.65,True
1319,1603659900444,407.89,2.0,True
1320,1603659900444,407.89,0.5,True
1321,1603659900444,407.88,0.666,True
1322,1603659900445,407.86,3.8,True
1323,1603659900445,407.84,3.5,True
1324,1603659900461,407.84,1.957,True
1325,1603659900461,407.82,0.1,True
1326,1603659900461,407.81,14.452,True
1327,1603659900555,407.8,0.1,True
1328,1603659900555,407.8,3.0,True
1329,1603659900555,407.79,8.264,True
1330,1603659900555,407.79,0.5,True
1331,1603659900555,407.78,4.561,True
1332,1603659900555,407.82,2.0,True
1333,1603659900592,407.79,1.35,True
1334,1603659900691,407.77,1.35,True
1335,1603659900701,407.77,0.93,True
1336,1603659900740,407.77,1.21,True
1337,1603659900771,407.77,2.88,True
1338,1603659901860,407.69,3.957,True
1339,1603659901860,407.69,0.306,True
1340,1603659901860,407.69,5.574,True
1341,1603659901862,407.69,0.001,True
1342,1603659901911,407.68,20.0,True
1343,1603659902128,407.67,6.0,False
1344,1603659902161,407.67,0.92,False
1345,1603659902459,407.66,0.004,True
1346,1603659902459,407.66,1.145,True
1347,1603659902479,407.67,0.757,False
1348,1603659902542,407.66,0.285,True
1349,1603659902578,407.66,0.57,True
1350,1603659902578,407.66,0.58,True
1351,1603659902975,407.62,0.562,False
1352,1603659904635,407.59,0.241,False
1353,1603659905439,407.59,0.23,False
1354,1603659906280,407.58,2.363,True
1355,1603659906280,407.58,0.001,True
1356,1603659906280,407.58,0.162,True
1357,1603659906280,407.58,1.115,True
1358,1603659906281,407.58,0.001,True
1359,1603659906281,407.57,2.878,True
1360,1603659906304,407.57,5.122,True
1361,1603659906304,407.56,0.12,True
1362,1603659906305,407.54,1.278,True
1363,1603659906305,407.54,14.671,True
1364,1603659906305,407.54,0.4,True
1365,1603659906305,407.53,0.128,True
1366,1603659906306,407.52,1.0,True
1367,1603659906306,407.52,1.232,True
1368,1603659906307,407.5,25.0,True
1369,1603659906307,407.5,150.624,True
1370,1603659906307,407.5,0.47,True
1371,1603659906307,407.5,0.5,True
1372,1603659906307,407.5,0.074,True
1373,1603659906307,407.5,0.074,True
1374,1603659906307,407.49,8.0,True
1375,1603659906307,407.48,0.89,True
1376,1603659906307,407.48,8.0,True
1377,1603659906307,407.48,0.4,True
1378,1603659906307,407.47,8.0,True
1379,1603659906307,407.47,2.0,True
1380,1603659906307,407.47,0.96,True
1381,1603659906307,407.45,5.0,True
1382,1603659906308,407.45,8.0,True
1383,1603659906308,407.45,13.25,True
1384,1603659906308,407.45,0.245,True
1385,1603659906308,407.45,0.666,True
1386,1603659906308,407.44,5.0,True
1387,1603659906312,407.44,8.0,True
1388,1603659906312,407.44,0.2,True
1389,1603659906312,407.44,37.216,True
1390,1603659906449,407.52,0.001,True
1391,1603659906551,407.47,7.114,True
1392,1603659906573,407.45,8.409,True
1393,1603659906594,407.4,20.275,True
1394,1603659906603,407.4,0.155,True
1395,1603659906603,407.4,0.226,True
1396,1603659906603,407.4,6.14,True
1397,1603659906681,407.4,7.727,True
1398,1603659906681,407.39,0.098,True
1399,1603659906904,407.39,0.001,True
1400,1603659906991,407.39,0.001,True
1401,1603659907554,407.4,0.018,False
1402,1603659907903,407.4,0.415,False
1403,1603659907960,407.4,0.332,False
1404,1603659908076,407.4,0.096,False
1405,1603659908076,407.4,0.051,False
1406,1603659908076,407.4,0.001,False
1407,1603659908076,407.4,0.114,False
1408,1603659908080,407.4,0.081,False
1409,1603659908080,407.4,0.23,False
1410,1603659908080,407.4,0.211,False
1411,1603659908080,407.4,0.004,False
1412,1603659908080,407.4,0.399,False
1413,1603659908080,407.4,0.337,False
1414,1603659908080,407.4,0.313,False
1415,1603659908080,407.41,1.827,False
1416,1603659908095,407.41,3.278,True
1417,1603659908627,407.4,0.042,True
1418,1603659908750,407.4,0.086,True
1419,1603659910128,407.4,0.045,True
1420,1603659910249,407.4,0.081,True
1421,1603659911112,407.41,0.258,False
1422,1603659912422,407.41,0.025,False
1423,1603659912627,407.4,0.001,True
1424,1603659912627,407.4,0.041,True
1425,1603659912765,407.4,0.005,True
1426,1603659912765,407.4,0.001,True
1427,1603659912765,407.39,0.001,True
1428,1603659912766,407.39,0.001,True
1429,1603659912769,407.37,0.075,True
1430,1603659913294,407.38,0.01,False
1431,1603659913304,407.38,0.014,False
1432,1603659913341,407.37,0.117,True
1433,1603659913514,407.37,2.2,True
1434,1603659913538,407.37,0.113,True
1435,1603659913982,407.37,1.464,True
1436,1603659914300,407.37,0.117,True
1437,1603659916122,407.36,0.044,True
1438,1603659916301,407.36,0.001,True
1439,1603659916301,407.36,0.085,True
1440,1603659916323,407.36,1.175,True
1441,1603659917635,407.37,0.004,False
1442,1603659917652,407.37,0.009,False
1443,1603659917675,407.37,0.065,False
1444,1603659917806,407.36,10.754,True
1445,1603659917810,407.36,0.001,True
1446,1603659917810,407.36,0.001,True
1447,1603659917810,407.36,0.051,True
1448,1603659919125,407.35,0.042,True
1449,1603659919125,407.35,8.508,True
1450,1603659919125,407.35,0.107,True
1451,1603659919125,407.35,0.65,True
1452,1603659919127,407.35,0.001,True
1453,1603659919128,407.34,0.276,True
1454,1603659919128,407.34,0.1,True
1455,1603659919128,407.33,0.016,True
1456,1603659919128,407.33,0.2,True
1457,1603659919128,407.32,0.589,True
1458,1603659919129,407.31,0.013,True
1459,1603659919129,407.31,0.4,True
1460,1603659919129,407.31,0.4,True
1461,1603659919129,407.31,10.0,True
1462,1603659919129,407.31,0.5,True
1463,1603659919132,407.3,0.048,True
1464,1603659919132,407.3,12.275,True
1465,1603659919132,407.3,0.872,True
1466,1603659919132,407.3,3.0,True
1467,1603659919132,407.3,1.0,True
1468,1603659919132,407.3,12.014,True
1469,1603659919132,407.3,7.359,True
1470,1603659919132,407.29,0.008,True
1471,1603659919132,407.29,0.313,True
1472,1603659919132,407.29,2.494,True
1473,1603659919132,407.28,2.0,True
1474,1603659919132,407.28,2.0,True
1475,1603659919132,407.28,2.496,True
1476,1603659919133,407.26,22.349,True
1477,1603659919133,407.26,0.391,True
1478,1603659919133,407.26,0.245,True
1479,1603659919133,407.26,7.365,True
1480,1603659919133,407.26,1.827,True
1481,1603659919133,407.25,2.198,True
1482,1603659919133,407.25,17.218,True
1483,1603659919133,407.25,0.5,True
1484,1603659919133,407.25,76.885,True
1485,1603659919133,407.25,13.115,True
1486,1603659919133,407.24,0.001,True
1487,1603659919133,407.24,0.625,True
1488,1603659919133,407.24,8.0,True
1489,1603659919133,407.24,0.5,True
1490,1603659919133,407.24,2.759,True
1491,1603659919133,407.24,8.0,True
1492,1603659919149,407.28,0.5,True
1493,1603659919149,407.27,2.238,True
1494,1603659919250,407.24,0.086,True
1495,1603659919402,407.25,1.853,True
1496,1603659919458,407.25,0.1,True
1497,1603659919552,407.25,0.001,True
1498,1603659919722,407.24,15.138,True
1499,1603659920360,407.25,0.003,False
1500,1603659920363,407.25,0.036,False
1501,1603659920522,407.24,0.002,True
1502,1603659920594,407.24,0.002,True
1503,1603659920763,407.25,0.132,False
1504,1603659921020,407.24,0.634,True
1505,1603659921021,407.24,0.018,True
1506,1603659921021,407.24,0.003,True
1507,1603659921021,407.24,0.006,True
1508,1603659921021,407.24,9.999,True
1509,1603659921021,407.24,0.018,True
1510,1603659921021,407.24,0.266,True
1511,1603659921021,407.24,0.939,True
1512,1603659921021,407.23,0.102,True
1513,1603659921022,407.23,0.023,True
1514,1603659921025,407.23,0.009,True
1515,1603659921025,407.23,0.006,True
1516,1603659921025,407.23,1.0,True
1517,1603659921025,407.23,0.001,True
1518,1603659921025,407.22,10.0,True
1519,1603659921025,407.22,20.339,True
1520,1603659921025,407.21,0.125,True
1521,1603659921025,407.21,5.0,True
1522,1603659921025,407.21,1.512,True
1523,1603659921287,407.21,0.108,True
1524,1603659921295,407.21,0.004,True
1525,1603659921483,407.21,0.001,True
1526,1603659921483,407.21,0.001,True
1527,1603659921483,407.21,0.001,True
1528,1603659921529,407.21,0.112,False
1529,1603659921529,407.21,0.973,False
1530,1603659921545,407.21,0.651,False
1531,1603659921572,407.2,0.001,True
1532,1603659921572,407.2,0.019,True
1533,1603659921572,407.2,1.252,True
1534,1603659921572,407.2,0.001,True
1535,1603659921572,407.2,1.4,True
1536,1603659921572,407.2,1.328,True
1537,1603659921628,407.2,0.002,True
1538,1603659921826,407.2,0.11,True
1539,1603659921932,407.2,0.207,True
1540,1603659921941,407.2,0.111,True
1541,1603659922120,407.2,0.002,True
1542,1603659922127,407.2,0.044,True
1543,1603659922179,407.2,0.002,True
1544,1603659922258,407.2,0.089,True
1545,1603659922403,407.21,1.975,False
1546,1603659922403,407.21,1.085,False
1547,1603659923605,407.21,3.566,False
1548,1603659923605,407.21,0.617,False
1549,1603659923605,407.21,0.151,False
1550,1603659923605,407.21,0.186,False
1551,1603659923605,407.21,0.064,False
1552,1603659923606,407.21,0.072,False
1553,1603659924126,407.2,0.042,True
1554,1603659924303,407.2,0.087,True
1555,1603659924527,407.2,0.116,True
1556,1603659924829,407.2,0.003,True
1557,1603659926562,407.2,0.001,True
1558,1603659926622,407.2,0.043,True
1559,1603659926760,407.2,0.09,True
1560,1603659927255,407.2,0.081,True
1561,1603659927626,407.2,0.045,True
1562,1603659927631,407.2,0.002,True
1563,1603659927840,407.2,6.327,True
1564,1603659927840,407.2,0.02,True
1565,1603659927840,407.2,2.231,True
1566,1603659927840,407.2,2.0,True
1567,1603659927840,407.2,0.001,True
1568,1603659927840,407.2,2.0,True
1569,1603659927841,407.2,2.0,True
1570,1603659927841,407.2,0.001,True
1571,1603659927841,407.2,0.66,True
1572,1603659927841,407.2,0.001,True
1573,1603659927843,407.2,0.068,True
1574,1603659927843,407.2,0.12,True
1575,1603659927843,407.2,0.189,True
1576,1603659927843,407.2,0.049,True
1577,1603659928697,407.19,0.002,True
1578,1603659928757,407.2,0.015,False
1579,1603659929253,407.19,0.002,True
1580,1603659929756,407.2,0.232,False
1581,1603659930128,407.19,0.021,True
1582,1603659930128,407.19,0.022,True
1583,1603659930256,407.19,0.082,True
1584,1603659930500,407.2,2.409,False
1585,1603659931420,407.19,0.036,True
1586,1603659931421,407.19,0.078,True
1587,1603659931627,407.19,0.032,True
1588,1603659931627,407.19,0.01,True
1589,1603659931766,407.19,0.059,True
1590,1603659931767,407.19,0.024,True
1591,1603659932216,407.19,0.004,True
1592,1603659933261,407.19,0.004,True
1593,1603659933267,407.19,0.088,True
1594,1603659933628,407.19,0.043,True
1595,1603659934304,407.19,0.004,True
1596,1603659934883,407.19,0.001,True
1597,1603659935055,407.19,1.822,True
1598,1603659935055,407.19,0.051,True
1599,1603659935055,407.19,0.316,True
1600,1603659935056,407.19,0.001,True
1601,1603659935056,407.19,2.0,True
1602,1603659935056,407.19,1.601,True
1603,1603659935056,407.19,1.789,True
1604,1603659935056,407.19,5.046,True
1605,1603659935056,407.19,0.06,True
1606,1603659935056,407.19,0.036,True
1607,1603659935056,407.19,0.97,True
1608,1603659935058,407.19,0.001,True
1609,1603659935058,407.19,0.001,True
1610,1603659935058,407.19,5.0,True
1611,1603659935058,407.19,2.395,True
1612,1603659935058,407.19,0.001,True
1613,1603659935058,407.19,2.0,True
1614,1603659935058,407.19,1.0,True
1615,1603659935059,407.18,0.072,True
1616,1603659935059,407.18,10.0,True
1617,1603659935060,407.17,5.838,True
1618,1603659935285,407.18,0.001,True
1619,1603659935500,407.18,0.002,True
1620,1603659935548,407.19,0.077,False
1621,1603659935548,407.19,0.008,False
1622,1603659935548,407.19,1.122,False
1623,1603659935548,407.19,0.13,False
1624,1603659935548,407.19,1.093,False
1625,1603659935548,407.19,0.097,False
1626,1603659935548,407.19,0.248,False
1627,1603659935548,407.19,0.01,False
1628,1603659935548,407.19,0.893,False
1629,1603659935548,407.19,1.025,False
1630,1603659935550,407.19,1.142,False
1631,1603659935551,407.19,0.008,False
1632,1603659935551,407.2,3.706,False
1633,1603659935551,407.2,0.123,False
1634,1603659935551,407.2,0.001,False
1635,1603659935551,407.2,0.317,False
1636,1603659935588,407.19,0.018,False
1637,1603659935588,407.19,0.372,False
1638,1603659935601,407.2,1.399,False
1639,1603659935601,407.2,2.052,False
1640,1603659935602,407.21,0.599,False
1641,1603659935628,407.23,0.043,True
1642,1603659935644,407.24,0.046,False
1643,1603659935760,407.25,0.082,True
1644,1603659936024,407.26,0.093,False
1645,1603659936024,407.26,1.029,False
1646,1603659936025,407.29,0.313,False
1647,1603659936027,407.32,0.245,False
1648,1603659936027,407.32,0.729,False
1649,1603659936048,407.26,3.939,True
1650,1603659937262,407.24,0.087,True
1651,1603659937303,407.28,1.891,False
1652,1603659937303,407.31,2.009,False
1653,1603659937303,407.32,15.138,False
1654,1603659937304,407.33,15.138,False
1655,1603659937305,407.33,1.0,False
1656,1603659937305,407.35,10.0,False
1657,1603659937306,407.35,0.6,False
1658,1603659937306,407.35,2.0,False
1659,1603659937306,407.35,2.0,False
1660,1603659937306,407.35,10.0,False
1661,1603659937306,407.35,10.153,False
1662,1603659937306,407.35,5.687,False
1663,1603659937307,407.36,2.0,False
1664,1603659937307,407.36,2.496,False
1665,1603659937307,407.36,9.478,False
1666,1603659937307,407.36,7.121,False
1667,1603659937308,407.37,1.0,False
1668,1603659937308,407.37,38.999,False
1669,1603659937308,407.37,2.0,False
1670,1603659937308,407.38,8.0,False
1671,1603659937308,407.38,66.272,False
1672,1603659937325,407.28,7.121,True
1673,1603659937628,407.33,0.012,True
1674,1603659937630,407.3,0.031,True
1675,1603659941305,407.33,0.006,False
1676,1603659941307,407.33,0.115,False
1677,1603659941342,407.33,0.429,False
1678,1603659941342,407.33,0.633,False
1679,1603659941342,407.33,0.398,False
1680,1603659941344,407.33,1.16,False
1681,1603659941346,407.33,1.43,False
1682,1603659941353,407.33,1.34,False
1683,1603659941367,407.33,0.156,False
1684,1603659941467,407.33,1.063,False
1685,1603659941467,407.33,0.036,False
1686,1603659941491,407.33,6.888,True
1687,1603659941541,407.38,2.409,False
1688,1603659941902,407.38,2.5,False
1689,1603659942338,407.37,0.023,True
1690,1603659942759,407.38,5.091,False
1691,1603659942759,407.38,2.554,False
1692,1603659942759,407.38,0.221,False
1693,1603659942760,407.39,1.551,False
1694,1603659942760,407.4,1.872,False
1695,1603659942760,407.42,2.0,False
1696,1603659942760,407.42,2.0,False
1697,1603659942760,407.42,57.236,False
1698,1603659943380,407.41,0.254,False
1699,1603659943856,407.39,0.001,True
1700,1603659943856,407.39,0.001,True
1701,1603659943858,407.37,0.001,True
1702,1603659943859,407.37,0.002,True
1703,1603659943859,407.37,0.018,True
1704,1603659943860,407.37,1.464,True
1705,1603659943860,407.36,0.562,True
1706,1603659944423,407.39,4.0,False
1707,1603659944923,407.39,31.077,False
1708,1603659945434,407.4,0.002,False
1709,1603659945604,407.39,0.06,True
1710,1603659947078,407.39,2.409,False
1711,1603659952097,407.39,0.197,False
1712,1603659952098,407.39,0.339,False
1713,1603659952100,407.39,0.053,False
1714,1603659952100,407.39,0.693,False
1715,1603659954999,407.38,0.001,True
1716,1603659954999,407.38,0.003,True
1717,1603659956675,407.39,0.001,False
1718,1603659957706,407.38,0.065,True
1719,1603659958394,407.39,1.386,False
1720,1603659958394,407.39,0.001,False
1721,1603659958394,407.39,0.677,False
1722,1603659958394,407.39,0.034,False
1723,1603659958394,407.39,0.066,False
1724,1603659958394,407.39,0.001,False
1725,1603659958395,407.39,0.001,False
1726,1603659958395,407.39,0.091,False
1727,1603659958395,407.39,0.028,False
1728,1603659958395,407.39,0.018,False
1729,1603659958397,407.39,0.042,False
1730,1603659958397,407.39,0.003,False
1731,1603659958397,407.39,0.1,False
1732,1603659958397,407.39,0.067,False
1733,1603659958397,407.39,0.034,False
1734,1603659958397,407.39,0.003,False
1735,1603659958397,407.39,0.169,False
1736,1603659958397,407.39,0.024,False
1737,1603659958397,407.39,0.556,False
1738,1603659958397,407.39,0.003,False
1739,1603659958397,407.39,0.003,False
1740,1603659958397,407.39,0.003,False
1741,1603659958397,407.39,0.227,False
1742,1603659958398,407.39,0.034,False
1743,1603659958398,407.39,0.065,False
1744,1603659958398,407.39,0.154,False
1745,1603659958398,407.4,9.998,False
1746,1603659958398,407.45,16.212,False
1747,1603659958421,407.4,5.891,True
1748,1603659958490,407.44,0.031,True
1749,1603659958498,407.44,0.064,True
1750,1603659959113,407.46,0.01,True
1751,1603659959124,407.46,0.005,True
1752,1603659959410,407.46,0.005,True
1753,1603659959734,407.47,0.001,False
1754,1603659960419,407.49,0.199,True
1755,1603659961075,407.5,0.2,False
1756,1603659962584,407.5,0.222,False
1757,1603659962584,407.5,0.033,False
1758,1603659962584,407.5,0.063,False
1759,1603659962584,407.5,0.005,False
1760,1603659962584,407.5,0.107,False
1761,1603659962585,407.5,0.143,False
1762,1603659962585,407.5,2.339,False
1763,1603659962585,407.5,0.615,False
1764,1603659962585,407.5,0.133,False
1765,1603659962585,407.5,0.021,False
1766,1603659962587,407.5,0.171,False
1767,1603659962587,407.5,0.11,False
1768,1603659962587,407.5,0.269,False
1769,1603659962588,407.5,0.769,False
1770,1603659965570,407.49,0.19,True
1771,1603659965570,407.49,0.194,True
1772,1603659965570,407.49,0.005,True
1773,1603659965570,407.49,0.079,True
1774,1603659965570,407.49,0.002,True
1775,1603659965573,407.49,0.03,True
1776,1603659965800,407.49,0.021,True
1777,1603659965949,407.48,1.857,False
1778,1603659965949,407.49,0.175,False
1779,1603659965950,407.49,3.009,False
1780,1603659965950,407.5,1.675,False
1781,1603659965950,407.5,0.109,False
1782,1603659965950,407.5,2.452,False
1783,1603659965950,407.5,0.072,False
1784,1603659965950,407.5,2.191,False
1785,1603659967749,407.5,0.294,False
1786,1603659967750,407.5,0.071,False
1787,1603659967750,407.5,0.635,False
1788,1603659974708,407.49,0.001,True
1789,1603659974708,407.49,0.003,True
1790,1603659979582,407.49,0.001,True
1791,1603659979582,407.49,0.002,True
1792,1603659979582,407.49,0.001,True
1793,1603659979584,407.49,0.001,True
1794,1603659979585,407.49,0.018,True
1795,1603659979585,407.49,0.011,True
1796,1603659979608,407.49,0.065,True
1797,1603659979746,407.49,0.001,True
1798,1603659981342,407.5,0.461,False
1799,1603659981342,407.5,0.585,False
1800,1603659981342,407.5,0.098,False
1801,1603659981342,407.5,0.063,False
1802,1603659981342,407.5,0.032,False
1803,1603659981342,407.5,0.034,False
1804,1603659981344,407.5,0.065,False
1805,1603659981344,407.5,1.592,False
1806,1603659981345,407.5,0.031,False
1807,1603659981345,407.5,0.066,False
1808,1603659981345,407.5,0.363,False
1809,1603659981345,407.5,0.568,False
1810,1603659981345,407.5,0.064,False
1811,1603659981345,407.5,0.033,False
1812,1603659981345,407.5,0.067,False
1813,1603659981345,407.5,0.034,False
1814,1603659981345,407.5,0.226,False
1815,1603659981345,407.5,0.091,False
1816,1603659981346,407.5,0.033,False
1817,1603659981347,407.5,0.062,False
1818,1603659981347,407.5,0.032,False
1819,1603659981347,407.5,0.064,False
1820,1603659981347,407.5,0.336,False
1821,1603659982591,407.49,0.031,True
1822,1603659982608,407.49,0.062,True
1823,1603659984800,407.49,0.001,True
1824,1603659984802,407.49,0.001,True
1825,1603659984803,407.49,0.001,True
1826,1603659984803,407.49,0.001,True
1827,1603659984803,407.49,0.004,True
1828,1603659984803,407.49,0.035,True
1829,1603659984804,407.49,0.002,True
1830,1603659984804,407.49,0.001,True
1831,1603659984804,407.49,0.001,True
1832,1603659984804,407.49,0.001,True
1833,1603659984804,407.49,0.006,True
1834,1603659984805,407.49,0.109,True
1835,1603659984805,407.49,0.003,True
1836,1603659984805,407.49,0.001,True
1837,1603659984805,407.48,1.442,True
1838,1603659984805,407.47,0.898,True
1839,1603659987386,407.47,0.219,False
1840,1603659988580,407.47,1.246,False
1841,1603659988580,407.47,0.658,False
1842,1603659988580,407.47,0.029,False
1843,1603659988580,407.47,0.002,False
1844,1603659988580,407.47,0.427,False
1845,1603659988581,407.47,0.205,False
1846,1603659988581,407.47,0.001,False
1847,1603659988581,407.5,2.145,False
1848,1603659988581,407.5,0.031,False
1849,1603659988581,407.5,0.067,False
1850,1603659988581,407.5,0.01,False
1851,1603659988581,407.5,0.179,False
1852,1603659988637,407.5,0.582,False
1853,1603659990251,407.49,0.004,True
1854,1603659990785,407.49,0.571,True
1855,1603659994079,407.5,0.829,False
1856,1603659994079,407.5,0.702,False
1857,1603659994079,407.51,0.001,False
1858,1603659994081,407.52,0.001,False
1859,1603659994081,407.57,3.113,False
1860,1603659996765,407.57,0.881,False
1861,1603659996766,407.6,7.119,False
1862,1603659996866,407.6,0.001,True
1863,1603659997025,407.61,0.001,False
1864,1603659997444,407.6,0.089,True
1865,1603659997553,407.61,0.001,False
1866,1603659997564,407.6,0.018,True
1867,1603659997583,407.61,0.001,False
1868,1603659997660,407.6,0.103,True
1869,1603659997802,407.6,0.089,True
1870,1603659998053,407.6,0.333,True
1871,1603660001172,407.6,3.292,True
1872,1603660001541,407.6,0.131,True
1873,1603660001855,407.6,0.128,True
1874,1603660001855,407.6,0.004,True
1875,1603660001857,407.6,0.004,True
1876,1603660001857,407.6,0.033,True
1877,1603660004976,407.61,1.42,False
1878,1603660005915,407.6,0.136,True
1879,1603660005915,407.6,0.539,True
1880,1603660005915,407.6,0.001,True
1881,1603660005915,407.6,0.002,True
1882,1603660005915,407.6,0.001,True
1883,1603660005915,407.6,0.003,True
1884,1603660005915,407.6,0.001,True
1885,1603660005915,407.6,0.171,True
1886,1603660005915,407.6,0.007,True
1887,1603660005916,407.6,0.001,True
1888,1603660005916,407.6,0.001,True
1889,1603660005916,407.57,0.593,True
1890,1603660009445,407.57,1.89,False
1891,1603660009445,407.57,0.3,False
1892,1603660009445,407.57,0.355,False
1893,1603660016467,407.57,0.001,False
1894,1603660016505,407.56,0.002,True
1895,1603660016505,407.56,0.004,True
1896,1603660016507,407.56,0.001,True
1897,1603660016507,407.56,0.001,True
1898,1603660016507,407.56,0.001,True
1899,1603660016507,407.56,0.089,True
1900,1603660016507,407.56,0.001,True
1901,1603660016507,407.56,0.004,True
1902,1603660016507,407.56,0.001,True
1903,1603660016507,407.56,0.061,True
1904,1603660016507,407.56,0.001,True
1905,1603660016508,407.56,0.001,True
1906,1603660016508,407.53,0.825,True
1907,1603660018121,407.51,0.065,True
1908,1603660020888,407.51,0.199,True
1909,1603660021182,407.51,0.143,True
1910,1603660021245,407.51,0.007,True
1911,1603660022153,407.51,0.108,True
1912,1603660022292,407.51,0.206,True
1913,1603660022306,407.51,1.503,True
1914,1603660022466,407.51,0.265,True
1915,1603660022466,407.51,0.003,True
1916,1603660022604,407.51,0.002,True
1917,1603660022604,407.51,0.004,True
1918,1603660022604,407.51,0.1,True
1919,1603660022751,407.51,0.208,True
1920,1603660022937,407.51,0.211,True
1921,1603660023009,407.51,0.217,True
1922,1603660023165,407.51,0.002,True
1923,1603660023353,407.51,0.109,True
1924,1603660023613,407.51,0.601,True
1925,1603660023613,407.51,0.001,True
1926,1603660023614,407.51,0.005,True
1927,1603660023615,407.51,0.001,True
1928,1603660023615,407.51,1.614,True
1929,1603660024249,407.51,0.003,True
1930,1603660024376,407.51,0.222,True
1931,1603660025278,407.51,0.067,True
1932,1603660025278,407.51,0.001,True
1933,1603660025278,407.51,0.001,True
1934,1603660025324,407.5,0.003,True
1935,1603660025681,407.5,0.006,True
1936,1603660026412,407.5,0.003,True
1937,1603660026493,407.5,0.007,True
1938,1603660026493,407.5,0.004,True
1939,1603660026493,407.49,0.967,True
1940,1603660027496,407.49,0.004,True
1941,1603660028580,407.49,0.003,True
1942,1603660029187,407.49,0.001,True
1943,1603660029218,407.49,0.003,True
1944,1603660031071,407.49,0.001,True
1945,1603660031568,407.49,0.001,True
1946,1603660031583,407.49,0.001,True
1947,1603660031825,407.49,0.001,True
1948,1603660032270,407.49,0.042,True
1949,1603660032315,407.49,0.08,True
1950,1603660034197,407.49,0.044,True
1951,1603660034211,407.49,0.018,True
1952,1603660034225,407.49,0.044,True
1953,1603660034245,407.49,0.018,True
1954,1603660034257,407.49,0.012,True
1955,1603660034774,407.49,0.042,True
1956,1603660034819,407.49,0.079,True
1957,1603660038270,407.49,0.043,True
1958,1603660038331,407.49,0.079,True
1959,1603660038986,407.5,0.045,False
1960,1603660039019,407.5,0.041,False
1961,1603660039019,407.5,0.276,False
1962,1603660039019,407.5,0.45,False
1963,1603660039019,407.5,0.044,False
1964,1603660039019,407.5,0.136,False
1965,1603660039019,407.5,0.297,False
1966,1603660039019,407.5,0.119,False
1967,1603660039020,407.5,0.03,False
1968,1603660039020,407.5,0.033,False
1969,1603660039020,407.5,0.188,False
1970,1603660039020,407.5,0.332,False
1971,1603660039020,407.5,1.538,False
1972,1603660039020,407.5,0.323,False
1973,1603660039020,407.5,0.387,False
1974,1603660039022,407.5,0.506,False
1975,1603660039022,407.5,0.049,False
1976,1603660039022,407.5,0.082,False
1977,1603660039022,407.5,0.026,False
1978,1603660039022,407.5,0.556,False
1979,1603660039022,407.5,0.034,False
1980,1603660039022,407.5,0.292,False
1981,1603660039022,407.5,0.043,False
1982,1603660039022,407.5,0.079,False
1983,1603660039022,407.5,0.146,False
1984,1603660039022,407.5,0.041,False
1985,1603660039022,407.5,0.084,False
1986,1603660039022,407.5,0.325,False
1987,1603660039022,407.5,0.233,False
1988,1603660039022,407.5,0.014,False
1989,1603660039022,407.5,0.04,False
1990,1603660039022,407.5,0.084,False
1991,1603660039022,407.5,0.047,False
1992,1603660039023,407.5,0.086,False
1993,1603660039023,407.5,0.039,False
1994,1603660039023,407.5,1.526,False
1995,1603660039023,407.5,0.04,False
1996,1603660039023,407.5,0.083,False
1997,1603660039064,407.51,0.085,False
1998,1603660039064,407.51,0.042,False
1999,1603660039768,407.51,0.04,True
2000,1603660039821,407.51,0.083,True
2001,1603660040491,407.52,0.001,False
2002,1603660041270,407.51,0.041,True
2003,1603660041319,407.51,0.086,True
2004,1603660041543,407.52,0.001,False
2005,1603660042041,407.52,0.001,False
2006,1603660042096,407.52,0.001,False
2007,1603660044272,407.51,0.041,True
2008,1603660044321,407.51,0.082,True
2009,1603660045771,407.51,0.043,True
2010,1603660045835,407.51,0.083,True
2011,1603660046707,407.52,0.001,False
2012,1603660049006,407.52,0.001,False
2013,1603660054693,407.52,0.001,False
2014,1603660056239,407.51,0.001,True
2015,1603660056846,407.51,0.001,True
2016,1603660057787,407.51,0.001,True
2017,1603660058395,407.51,0.043,True
2018,1603660058404,407.52,0.001,False
2019,1603660058441,407.51,0.08,True
2020,1603660060389,407.51,0.041,True
2021,1603660060461,407.51,0.081,True
2022,1603660060959,407.51,0.001,True
2023,1603660060999,407.52,0.001,False
2024,1603660061721,407.52,0.001,False
2025,1603660061776,407.52,0.001,False
2026,1603660063930,407.52,0.001,False
2027,1603660069515,407.51,0.001,True
2028,1603660069724,407.51,0.001,True
2029,1603660071420,407.52,0.001,False
2030,1603660071956,407.52,0.001,False
2031,1603660071968,407.52,0.001,False
2032,1603660072075,407.51,0.001,True
2033,1603660074973,407.52,0.116,False
2034,1603660074990,407.52,2.292,False
2035,1603660074991,407.52,0.07,False
2036,1603660074991,407.52,2.404,False
2037,1603660074991,407.52,0.071,False
2038,1603660074992,407.52,1.074,False
2039,1603660074993,407.52,2.38,False
2040,1603660074993,407.52,0.036,False
2041,1603660074993,407.52,0.354,False
2042,1603660074993,407.52,0.524,False
2043,1603660074994,407.52,0.058,False
2044,1603660074994,407.52,0.112,False
2045,1603660074994,407.52,0.132,False
2046,1603660074994,407.52,0.557,False
2047,1603660074994,407.52,0.539,False
2048,1603660074994,407.52,0.357,False
2049,1603660074995,407.52,0.014,False
2050,1603660074995,407.52,0.039,False
2051,1603660074995,407.52,0.284,False
2052,1603660074995,407.52,0.002,False
2053,1603660074995,407.52,0.038,False
2054,1603660074995,407.52,0.202,False
2055,1603660074995,407.52,0.001,False
2056,1603660074995,407.52,0.001,False
2057,1603660074996,407.52,0.002,False
2058,1603660074996,407.52,0.007,False
2059,1603660074997,407.52,0.204,False
2060,1603660074997,407.52,0.017,False
2061,1603660074997,407.52,0.034,False
2062,1603660074997,407.52,0.017,False
2063,1603660074997,407.52,0.036,False
2064,1603660074997,407.52,0.04,False
2065,1603660074997,407.52,0.054,False
2066,1603660075015,407.58,2.023,False
2067,1603660075015,407.59,5.304,False
2068,1603660075017,407.53,4.692,True
2069,1603660075026,407.59,1.42,False
2070,1603660075876,407.59,0.001,False
2071,1603660078527,407.58,0.065,True
2072,1603660080838,407.58,0.005,True
2073,1603660081115,407.58,0.938,True
2074,1603660081118,407.58,2.496,True
2075,1603660081119,407.58,2.494,True
2076,1603660081119,407.58,2.497,True
2077,1603660081119,407.58,2.497,True
2078,1603660081119,407.58,2.299,True
2079,1603660081119,407.58,0.009,True
2080,1603660081119,407.58,0.299,True
2081,1603660081119,407.58,5.486,True
2082,1603660081151,407.58,0.103,True
2083,1603660081330,407.58,0.199,True
2084,1603660081349,407.58,0.1,True
2085,1603660081361,407.58,0.098,True
2086,1603660081368,407.58,0.312,True
2087,1603660081370,407.58,0.099,True
2088,1603660081538,407.58,0.136,True
2089,1603660081830,407.58,0.001,True
2090,1603660081830,407.58,0.001,True
2091,1603660081830,407.58,0.061,True
2092,1603660081830,407.58,0.023,True
2093,1603660081831,407.58,0.029,True
2094,1603660081831,407.58,0.002,True
2095,1603660081831,407.58,0.064,True
2096,1603660081831,407.58,0.23,True
2097,1603660081831,407.58,0.003,True
2098,1603660081831,407.58,0.001,True
2099,1603660081833,407.58,0.004,True
2100,1603660081833,407.58,0.015,True
2101,1603660081833,407.58,0.623,True
2102,1603660081948,407.58,0.003,True
2103,1603660081955,407.58,0.003,True
2104,1603660082240,407.58,0.371,True
2105,1603660082241,407.58,0.002,True
2106,1603660082242,407.58,0.001,True
2107,1603660082242,407.58,0.341,True
2108,1603660083023,407.58,0.002,True
2109,1603660083023,407.58,0.047,True
2110,1603660083023,407.58,0.054,True
2111,1603660083213,407.58,0.106,True
2112,1603660083420,407.58,0.256,True
2113,1603660083651,407.58,0.104,True
2114,1603660085503,407.58,0.001,True
2115,1603660085505,407.58,0.1,True
2116,1603660087802,407.58,0.736,True
2117,1603660090940,407.58,0.001,True
2118,1603660092785,407.58,0.97,True
2119,1603660092787,407.58,2.2,True
2120,1603660092787,407.58,0.681,True
2121,1603660092787,407.58,0.001,True
2122,1603660092787,407.58,0.001,True
2123,1603660092788,407.58,0.001,True
2124,1603660092788,407.58,0.01,True
2125,1603660092788,407.53,0.729,True
2126,1603660092788,407.53,0.317,True
2127,1603660092789,407.53,2.69,True
2128,1603660092790,407.53,4.359,True
2129,1603660092791,407.52,1.0,True
2130,1603660092791,407.52,1.0,True
2131,1603660092791,407.52,2.496,True
2132,1603660092791,407.5,2.645,True
2133,1603660092792,407.5,1.036,True
2134,1603660092792,407.5,0.334,True
2135,1603660092794,407.5,1.41,True
2136,1603660092811,407.52,5.253,True
2137,1603660093219,407.5,0.018,True
2138,1603660093330,407.5,0.036,True
2139,1603660093410,407.51,0.004,False
2140,1603660095709,407.5,0.946,True
2141,1603660095709,407.5,0.001,True
2142,1603660095709,407.5,0.001,True
2143,1603660095709,407.5,0.001,True
2144,1603660095712,407.5,0.001,True
2145,1603660095712,407.5,0.001,True
2146,1603660095712,407.5,0.002,True
2147,1603660095712,407.49,3.645,True
2148,1603660096222,407.49,0.018,True
2149,1603660096349,407.49,0.035,True
2150,1603660098007,407.49,0.002,True
2151,1603660098719,407.49,0.017,True
2152,1603660098836,407.49,0.034,True
2153,1603660099084,407.49,0.001,True
2154,1603660099664,407.49,0.001,True
2155,1603660100248,407.5,0.09,False
2156,1603660101475,407.49,0.001,True
2157,1603660101544,407.49,0.001,True
2158,1603660102040,407.49,0.001,True
2159,1603660102112,407.49,0.001,True
2160,1603660102234,407.49,0.018,True
2161,1603660102330,407.49,0.034,True
2162,1603660104224,407.49,0.017,True
2163,1603660104339,407.49,0.037,True
2164,1603660106728,407.49,0.018,True
2165,1603660106839,407.49,0.033,True
2166,1603660108226,407.49,0.017,True
2167,1603660108337,407.49,0.037,True
2168,1603660108930,407.49,0.001,True
2169,1603660110232,407.49,0.018,True
2170,1603660110337,407.49,0.034,True
2171,1603660112138,407.5,0.001,False
2172,1603660112226,407.49,0.018,True
2173,1603660112341,407.49,0.035,True
2174,1603660113064,407.5,0.001,False
2175,1603660113729,407.49,0.017,True
2176,1603660113842,407.49,0.036,True
2177,1603660114126,407.5,0.001,False
2178,1603660114699,407.5,0.001,False
2179,1603660115988,407.5,0.001,False
2180,1603660116233,407.49,0.018,True
2181,1603660116342,407.49,0.036,True
2182,1603660117549,407.49,0.001,True
2183,1603660117551,407.5,0.001,False
2184,1603660117728,407.49,0.017,True
2185,1603660117844,407.49,0.036,True
2186,1603660119232,407.49,0.022,True
2187,1603660119343,407.49,0.035,True
2188,1603660120663,407.49,0.003,True
2189,1603660120922,407.49,0.001,True
2190,1603660121364,407.5,0.136,False
2191,1603660121692,407.5,0.089,False
2192,1603660121692,407.5,0.086,False
2193,1603660121747,407.49,0.007,True
2194,1603660122817,407.49,0.008,True
2195,1603660123214,407.5,0.001,False
2196,1603660123872,407.49,0.008,True
2197,1603660124688,407.49,1.302,True
2198,1603660124796,407.5,0.001,False
2199,1603660124929,407.49,0.007,True
2200,1603660125371,407.49,0.001,True
2201,1603660125888,407.49,0.013,True
2202,1603660125970,407.49,0.808,True
2203,1603660125992,407.49,0.008,True
2204,1603660126726,407.49,0.001,True
2205,1603660126935,407.49,0.019,True
2206,1603660127068,407.49,0.008,True
2207,1603660127759,407.49,0.002,True
2208,1603660127783,407.49,0.002,True
2209,1603660128017,407.49,0.019,True
2210,1603660128134,407.49,0.007,True
2211,1603660128808,407.49,0.001,True
2212,1603660128870,407.49,0.002,True
2213,1603660129071,407.49,0.018,True
2214,1603660129114,407.49,0.001,True
2215,1603660129202,407.49,0.008,True
2216,1603660129853,407.49,0.001,True
2217,1603660130130,407.49,0.019,True
2218,1603660130463,407.49,0.002,True
2219,1603660130553,407.49,0.009,True
2220,1603660130904,407.49,0.001,True
2221,1603660131184,407.49,0.018,True
2222,1603660131465,407.49,0.001,True
2223,1603660131588,407.5,2.186,False
2224,1603660131768,407.49,0.003,True
2225,1603660131768,407.49,0.01,True
2226,1603660131913,407.49,0.001,True
2227,1603660131969,407.49,0.001,True
2228,1603660132021,407.49,0.001,True
2229,1603660132229,407.49,0.018,True
2230,1603660132454,407.49,0.001,True
2231,1603660132893,407.49,0.002,True
2232,1603660132897,407.49,0.008,True
2233,1603660133018,407.49,0.001,True
2234,1603660133131,407.49,0.306,True
2235,1603660133280,407.49,0.018,True
2236,1603660133297,407.49,0.001,True
2237,1603660133833,407.49,0.01,True
2238,1603660134013,407.49,0.008,True
2239,1603660134018,407.49,0.002,True
2240,1603660134061,407.49,0.001,True
2241,1603660134368,407.49,0.002,True
2242,1603660134373,407.49,0.02,True
2243,1603660134638,407.49,0.004,True
2244,1603660134916,407.49,0.012,True
2245,1603660135118,407.49,0.002,True
2246,1603660135175,407.49,0.002,True
2247,1603660135389,407.49,0.01,True
2248,1603660135421,407.49,0.018,True
2249,1603660135505,407.49,0.001,True
2250,1603660136008,407.49,0.012,True
2251,1603660136177,407.49,0.001,True
2252,1603660136296,407.49,0.002,True
2253,1603660136393,407.5,0.001,False
2254,1603660136482,407.49,0.018,True
2255,1603660136603,407.49,0.025,True
2256,1603660136663,407.49,0.001,True
2257,1603660137162,407.49,0.013,True
2258,1603660137228,407.49,0.001,True
2259,1603660137264,407.49,2.213,True
2260,1603660137264,407.49,0.001,True
2261,1603660137265,407.49,0.001,True
2262,1603660137265,407.49,0.011,True
2263,1603660137265,407.49,0.001,True
2264,1603660137265,407.49,0.001,True
2265,1603660137266,407.49,0.095,True
2266,1603660137266,407.49,0.12,True
2267,1603660137266,407.49,0.001,True
2268,1603660137266,407.49,0.001,True
2269,1603660137267,407.49,0.001,True
2270,1603660137267,407.49,0.001,True
2271,1603660137267,407.49,0.001,True
2272,1603660137267,407.49,0.001,True
2273,1603660137267,407.49,0.013,True
2274,1603660137267,407.49,0.478,True
2275,1603660137267,407.49,0.001,True
2276,1603660137267,407.49,0.001,True
2277,1603660137267,407.49,0.001,True
2278,1603660137267,407.49,0.003,True
2279,1603660137268,407.49,0.001,True
2280,1603660137268,407.49,0.002,True
2281,1603660137268,407.49,0.001,True
2282,1603660137268,407.49,2.05,True
2283,1603660137478,407.49,0.002,True
2284,1603660137535,407.49,0.019,True
2285,1603660137723,407.49,0.023,True
2286,1603660137789,407.49,0.002,True
2287,1603660138238,407.49,0.012,True
2288,1603660138267,407.49,0.001,True
2289,1603660138361,407.49,0.001,True
2290,1603660138566,407.49,0.002,True
2291,1603660138581,407.49,0.018,True
2292,1603660138841,407.49,0.023,True
2293,1603660138930,407.49,0.065,True
2294,1603660138938,407.49,0.001,True
2295,1603660139005,407.49,0.001,True
2296,1603660139143,407.49,0.017,True
2297,1603660139165,407.49,0.002,True
2298,1603660139307,407.49,0.012,True
2299,1603660139312,407.49,0.001,True
2300,1603660139877,407.49,0.001,True
2301,1603660139898,407.49,0.003,True
2302,1603660139962,407.49,0.023,True
2303,1603660140067,407.49,0.001,True
2304,1603660141082,407.49,0.022,True
2305,1603660141117,407.49,0.134,True
2306,1603660141156,407.49,0.002,True
2307,1603660141809,407.49,0.199,True
2308,1603660141984,407.49,0.099,True
2309,1603660142249,407.49,0.024,True
2310,1603660142321,407.49,0.001,True
2311,1603660142419,407.49,0.705,True
2312,1603660142508,407.49,0.252,True
2313,1603660142520,407.49,0.003,True
2314,1603660143204,407.49,0.101,True
2315,1603660143313,407.49,0.022,True
2316,1603660143406,407.49,0.102,True
2317,1603660143418,407.49,0.184,True
2318,1603660143427,407.49,0.001,True
2319,1603660143490,407.49,0.098,True
2320,1603660143562,407.49,0.104,True
2321,1603660144036,407.49,0.002,True
2322,1603660144389,407.49,0.022,True
2323,1603660144420,407.49,0.003,True
2324,1603660144449,407.49,0.097,True
2325,1603660144469,407.49,1.042,True
2326,1603660144891,407.49,0.103,True
2327,1603660145357,407.49,0.101,True
2328,1603660145503,407.49,0.022,True
2329,1603660145700,407.49,0.011,True
2330,1603660146345,407.5,0.001,False
2331,1603660146595,407.49,0.023,True
2332,1603660146887,407.5,0.001,False
2333,1603660146910,407.49,0.026,True
2334,1603660147493,407.49,0.275,True
2335,1603660147695,407.49,0.022,True
2336,1603660147797,407.5,0.001,False
2337,1603660148081,407.49,0.027,True
2338,1603660148546,407.49,1.133,True
2339,1603660148758,407.49,0.022,True
2340,1603660148920,407.49,0.001,True
2341,1603660149126,407.49,0.011,True
2342,1603660149146,407.49,0.023,True
2343,1603660149175,407.49,0.004,True
2344,1603660149354,407.49,0.016,True
2345,1603660149598,407.49,1.119,True
2346,1603660149745,407.5,0.054,False
2347,1603660149745,407.5,0.241,False
2348,1603660149745,407.5,0.088,False
2349,1603660149745,407.5,0.066,False
2350,1603660149746,407.5,0.034,False
2351,1603660149746,407.5,0.07,False
2352,1603660149747,407.5,0.108,False
2353,1603660149747,407.5,0.339,False
2354,1603660149748,407.5,0.236,False
2355,1603660149748,407.5,0.026,False
2356,1603660149748,407.5,0.036,False
2357,1603660149748,407.5,0.001,False
2358,1603660149748,407.5,0.001,False
2359,1603660149748,407.5,0.009,False
2360,1603660149748,407.5,0.031,False
2361,1603660149749,407.5,0.054,False
2362,1603660149749,407.5,0.497,False
2363,1603660149749,407.5,0.408,False
2364,1603660149749,407.5,0.038,False
2365,1603660149749,407.5,0.074,False
2366,1603660149749,407.5,0.228,False
2367,1603660149749,407.5,0.791,False
2368,1603660149750,407.5,1.656,False
2369,1603660149750,407.5,0.08,False
2370,1603660149751,407.5,0.037,False
2371,1603660149751,407.5,0.161,False
2372,1603660149751,407.5,0.712,False
2373,1603660149751,407.5,0.084,False
2374,1603660149751,407.5,0.001,False
2375,1603660149751,407.5,0.038,False
2376,1603660149751,407.5,0.074,False
2377,1603660149751,407.5,0.04,False
2378,1603660149751,407.5,0.077,False
2379,1603660149751,407.5,0.023,False
2380,1603660149751,407.5,0.162,False
2381,1603660149751,407.5,0.111,False
2382,1603660149751,407.5,0.038,False
2383,1603660149751,407.5,0.077,False
2384,1603660149752,407.5,0.108,False
2385,1603660149752,407.5,3.091,False
2386,1603660150182,407.49,0.013,True
2387,1603660150219,407.49,0.024,True
2388,1603660150235,407.49,0.005,True
2389,1603660151087,407.5,0.592,False
2390,1603660151087,407.5,3.643,False
2391,1603660151087,407.5,1.628,False
2392,1603660151087,407.5,0.106,False
2393,1603660151088,407.5,3.62,False
2394,1603660151089,407.5,0.038,False
2395,1603660151089,407.5,0.077,False
2396,1603660151089,407.5,0.076,False
2397,1603660151089,407.5,0.037,False
2398,1603660151090,407.5,0.059,False
2399,1603660151090,407.5,0.014,False
2400,1603660151090,407.5,0.002,False
2401,1603660151090,407.5,0.108,False
2402,1603660151250,407.49,0.012,True
2403,1603660151297,407.49,0.005,True
2404,1603660151574,407.49,0.001,True
2405,1603660151811,407.49,1.143,True
2406,1603660151906,407.49,0.032,True
2407,1603660152305,407.49,0.012,True
2408,1603660152363,407.49,0.005,True
2409,1603660153099,407.49,2.575,True
2410,1603660153144,407.49,0.032,True
2411,1603660153365,407.49,0.012,True
2412,1603660153435,407.49,0.006,True
2413,1603660154166,407.49,0.606,True
2414,1603660154168,407.49,0.001,True
2415,1603660154168,407.49,0.001,True
2416,1603660154168,407.49,0.001,True
2417,1603660154169,407.49,0.001,True
2418,1603660154169,407.49,0.001,True
2419,1603660154169,407.49,0.001,True
2420,1603660154169,407.49,0.523,True
2421,1603660154226,407.49,0.024,True
2422,1603660154409,407.49,0.013,True
2423,1603660154490,407.49,0.005,True
2424,1603660155279,407.49,1.172,True
2425,1603660155328,407.49,0.024,True
2426,1603660155400,407.49,2.0,True
2427,1603660155448,407.49,0.012,True
2428,1603660155534,407.49,0.005,True
2429,1603660156417,407.49,1.222,True
2430,1603660156479,407.49,0.011,True
2431,1603660156479,407.49,0.026,True
2432,1603660156586,407.49,0.005,True
2433,1603660157384,407.49,3.0,True
2434,1603660157477,407.49,0.755,True
2435,1603660157477,407.49,0.001,True
2436,1603660157477,407.49,0.001,True
2437,1603660157478,407.49,0.001,True
2438,1603660157478,407.49,0.361,True
2439,1603660157514,407.49,0.012,True
2440,1603660157555,407.49,0.024,True
2441,1603660157640,407.49,0.005,True
2442,1603660158528,407.49,1.122,True
2443,1603660158550,407.49,0.013,True
2444,1603660158615,407.49,0.023,True
2445,1603660158684,407.49,0.006,True
2446,1603660159088,407.49,0.001,True
2447,1603660159088,407.49,0.001,True
2448,1603660159088,407.49,0.001,True
2449,1603660159091,407.49,0.001,True
2450,1603660159091,407.49,0.001,True
2451,1603660159091,407.49,0.002,True
2452,1603660159091,407.49,0.001,True
2453,1603660159091,407.46,0.5,True
2454,1603660159092,407.46,0.55,True
2455,1603660159188,407.47,0.021,True
2456,1603660159583,407.47,0.011,True
2457,1603660159756,407.47,0.005,True
2458,1603660160618,407.47,0.012,True
2459,1603660160797,407.47,0.005,True
2460,1603660161434,407.47,0.001,True
2461,1603660161658,407.47,0.013,True
2462,1603660161843,407.47,0.005,True
2463,1603660161975,407.47,0.001,True
2464,1603660162016,407.47,0.001,True
2465,1603660162188,407.47,0.01,True
2466,1603660162393,407.47,0.004,True
2467,1603660164639,407.47,0.039,True
2468,1603660164762,407.47,0.079,True
2469,1603660165753,407.48,0.009,False
2470,1603660165753,407.48,0.038,False
2471,1603660165753,407.48,0.022,False
2472,1603660165755,407.48,0.002,False
2473,1603660165755,407.48,0.37,False
2474,1603660165755,407.48,0.131,False
2475,1603660165755,407.48,0.05,False
2476,1603660165755,407.48,0.037,False
2477,1603660165755,407.48,0.076,False
2478,1603660165755,407.48,0.279,False
2479,1603660165756,407.48,0.06,False
2480,1603660165757,407.48,0.036,False
2481,1603660165757,407.48,0.058,False
2482,1603660165757,407.48,0.067,False
2483,1603660166958,407.49,0.078,True
2484,1603660167360,407.49,0.04,True
2485,1603660167460,407.49,1.339,True
2486,1603660168961,407.49,0.079,True
2487,1603660169353,407.49,0.04,True
2488,1603660170964,407.49,0.079,True
2489,1603660171253,407.5,0.078,False
2490,1603660171253,407.5,0.04,False
2491,1603660171254,407.5,0.037,False
2492,1603660171254,407.5,0.075,False
2493,1603660171254,407.5,0.001,False
2494,1603660171358,407.52,0.039,True
2495,1603660171944,407.52,0.004,True
2496,1603660173984,407.53,0.001,False
2497,1603660174073,407.53,1.226,False
2498,1603660174073,407.53,0.664,False
2499,1603660174337,407.55,0.018,False
2500,1603660174337,407.55,0.036,False
2501,1603660174337,407.55,0.946,False
2502,1603660176938,407.58,0.001,False
2503,1603660176974,407.58,0.06,False
2504,1603660176993,407.58,0.001,False
2505,1603660177978,407.57,4.333,True
2506,1603660177978,407.57,3.444,True
2507,1603660177978,407.57,6.0,True
2508,1603660177978,407.57,11.768,True
2509,1603660177978,407.57,0.012,True
2510,1603660177980,407.57,0.01,True
2511,1603660177980,407.57,0.001,True
2512,1603660177980,407.57,0.16,True
2513,1603660177980,407.57,0.001,True
2514,1603660177980,407.57,1.0,True
2515,1603660177981,407.57,0.001,True
2516,1603660177981,407.57,0.526,True
2517,1603660177981,407.57,0.001,True
2518,1603660177981,407.57,1.723,True
2519,1603660177981,407.57,0.959,True
2520,1603660177981,407.57,0.001,True
2521,1603660177981,407.57,0.001,True
2522,1603660177981,407.55,2.494,True
2523,1603660177981,407.55,5.0,True
2524,1603660177982,407.54,2.0,True
2525,1603660177982,407.54,2.0,True
2526,1603660177982,407.53,17.85,True
2527,1603660177982,407.53,1.367,True
2528,1603660177982,407.53,10.153,True
2529,1603660177982,407.53,5.687,True
2530,1603660177982,407.53,2.0,True
2531,1603660177982,407.52,1.408,True
2532,1603660177982,407.52,2.497,True
2533,1603660177983,407.52,0.033,True
2534,1603660177983,407.52,0.003,True
2535,1603660177984,407.52,2.119,True
2536,1603660177984,407.52,0.001,True
2537,1603660177984,407.52,0.8,True
2538,1603660177984,407.51,2.497,True
2539,1603660177984,407.51,1.0,True
2540,1603660177984,407.5,10.0,True
2541,1603660177984,407.5,14.678,True
2542,1603660177985,407.5,36.472,True
2543,1603660178013,407.57,2.384,True
2544,1603660178013,407.57,1.957,True
2545,1603660178190,407.55,0.085,True
2546,1603660178190,407.51,1.998,True
2547,1603660178190,407.51,6.0,True
2548,1603660178190,407.5,6.0,True
2549,1603660178190,407.5,0.917,True
2550,1603660181446,407.53,0.001,True
2551,1603660181446,407.53,0.132,True
2552,1603660181446,407.53,0.002,True
2553,1603660181446,407.53,0.002,True
2554,1603660181663,407.53,0.175,True
2555,1603660182951,407.53,0.823,True
2556,1603660182951,407.53,2.0,True
2557,1603660182951,407.53,0.583,True
2558,1603660184163,407.54,0.002,False
2559,1603660184163,407.54,0.003,False
2560,1603660184163,407.54,0.098,False
2561,1603660184163,407.54,0.024,False
2562,1603660184896,407.54,0.043,False
2563,1603660184896,407.54,0.038,False
2564,1603660184896,407.55,1.227,False
2565,1603660184897,407.56,0.591,False
2566,1603660189162,407.57,0.325,True
2567,1603660189162,407.57,0.001,True
2568,1603660189162,407.57,0.001,True
2569,1603660189162,407.57,0.173,True
2570,1603660196117,407.58,0.001,False
2571,1603660198840,407.57,0.001,True
2572,1603660199328,407.57,0.042,True
2573,1603660199328,407.57,0.014,True
2574,1603660199328,407.57,0.001,True
2575,1603660199328,407.57,0.002,True
2576,1603660199330,407.57,0.006,True
2577,1603660199473,407.57,0.001,True
2578,1603660201180,407.57,0.001,True
2579,1603660201180,407.57,0.001,True
2580,1603660201180,407.57,0.001,True
2581,1603660201181,407.57,0.001,True
2582,1603660201584,407.57,0.001,True
2583,1603660201584,407.57,0.133,True
2584,1603660202288,407.57,0.199,True
2585,1603660202302,407.57,0.253,True
2586,1603660202482,407.57,0.103,True
2587,1603660202979,407.57,0.445,True
2588,1603660202979,407.57,0.598,True
2589,1603660203823,407.57,0.001,True
2590,1603660203826,407.57,0.001,True
2591,1603660203826,407.57,0.033,True
2592,1603660203826,407.57,0.064,True
2593,1603660203933,407.57,0.1,True
2594,1603660204025,407.57,0.184,True
2595,1603660204281,407.57,0.002,True
2596,1603660204331,407.57,0.096,True
2597,1603660204476,407.57,0.102,True
2598,1603660204649,407.57,0.097,True
2599,1603660204842,407.57,0.101,True
2600,1603660204991,407.57,0.104,True
2601,1603660205687,407.57,0.001,True
2602,1603660205715,407.57,0.705,True
2603,1603660206199,407.58,0.414,False
2604,1603660206743,407.57,0.001,True
2605,1603660207313,407.57,0.001,True
2606,1603660208944,407.57,0.069,True
2607,1603660208944,407.57,1.0,True
2608,1603660208944,407.57,0.521,True
2609,1603660208944,407.57,0.001,True
2610,1603660208944,407.57,4.526,True
2611,1603660208946,407.57,0.029,True
2612,1603660208946,407.57,1.908,True
2613,1603660209188,407.57,0.001,True
2614,1603660210179,407.57,0.014,True
2615,1603660210215,407.57,0.027,True
2616,1603660210581,407.58,9.722,False
2617,1603660210581,407.58,0.03,False
2618,1603660210582,407.58,2.126,False
2619,1603660210582,407.58,0.246,False
2620,1603660210582,407.58,0.099,False
2621,1603660210583,407.58,0.004,False
2622,1603660210583,407.58,0.001,False
2623,1603660210583,407.58,0.001,False
2624,1603660210583,407.58,0.054,False
2625,1603660210583,407.58,0.023,False
2626,1603660210584,407.58,1.429,False
2627,1603660210584,407.58,24.341,False
2628,1603660210584,407.58,0.775,False
2629,1603660210584,407.58,0.015,False
2630,1603660210584,407.58,0.029,False
2631,1603660210584,407.58,0.001,False
2632,1603660210584,407.58,0.105,False
2633,1603660210584,407.58,0.082,False
2634,1603660210584,407.58,0.335,False
2635,1603660210585,407.58,0.093,False
2636,1603660210585,407.58,0.015,False
2637,1603660210585,407.58,0.027,False
2638,1603660210585,407.58,0.097,False
2639,1603660210585,407.58,0.068,False
2640,1603660210586,407.58,0.001,False
2641,1603660210586,407.58,0.014,False
2642,1603660210586,407.58,0.03,False
2643,1603660210586,407.58,0.015,False
2644,1603660210586,407.58,0.028,False
2645,1603660210586,407.58,0.028,False
2646,1603660210586,407.58,0.014,False
2647,1603660210586,407.58,3.199,False
2648,1603660210586,407.58,0.098,False
2649,1603660210586,407.58,1.485,False
2650,1603660210586,407.58,3.273,False
2651,1603660210586,407.58,3.324,False
2652,1603660210587,407.58,0.096,False
2653,1603660210587,407.58,0.019,False
2654,1603660210587,407.58,0.014,False
2655,1603660210587,407.58,0.029,False
2656,1603660210587,407.58,0.373,False
2657,1603660210587,407.58,0.111,False
2658,1603660210587,407.58,0.014,False
2659,1603660210587,407.58,0.028,False
2660,1603660210587,407.58,0.002,False
2661,1603660210587,407.58,0.061,False
2662,1603660210587,407.58,0.001,False
2663,1603660210587,407.58,0.002,False
2664,1603660210588,407.58,0.014,False
2665,1603660210588,407.58,0.028,False
2666,1603660210588,407.58,1.07,False
2667,1603660210588,407.58,0.845,False
2668,1603660210588,407.58,0.001,False
2669,1603660210588,407.58,0.018,False
2670,1603660210588,407.58,0.544,False
2671,1603660211163,407.58,0.015,True
2672,1603660211222,407.58,0.029,True
2673,1603660213637,407.58,2.249,True
2674,1603660217208,407.58,1.008,True
2675,1603660217208,407.58,1.006,True
2676,1603660217208,407.58,0.003,True
2677,1603660217208,407.58,0.046,True
2678,1603660217208,407.58,0.002,True
2679,1603660217208,407.58,1.0,True
2680,1603660217209,407.58,0.001,True
2681,1603660217209,407.58,0.01,True
2682,1603660217209,407.58,0.001,True
2683,1603660217209,407.57,0.133,True
2684,1603660217210,407.57,0.142,True
2685,1603660217212,407.57,0.789,True
2686,1603660217212,407.57,4.192,True
2687,1603660217212,407.57,0.659,True
2688,1603660217213,407.57,0.001,True
2689,1603660217213,407.57,0.001,True
2690,1603660217213,407.54,0.792,True
2691,1603660217213,407.53,2.0,True
2692,1603660217213,407.52,11.945,True
2693,1603660217213,407.52,1.269,True
2694,1603660226301,407.55,0.001,False
2695,1603660226472,407.55,0.001,False
2696,1603660226472,407.55,0.014,False
2697,1603660226474,407.55,0.028,False
2698,1603660226474,407.55,0.252,False
2699,1603660226474,407.55,0.021,False
2700,1603660226474,407.55,0.235,False
2701,1603660226474,407.55,0.114,False
2702,1603660226475,407.55,0.015,False
2703,1603660226475,407.55,0.031,False
2704,1603660226475,407.55,1.489,False
2705,1603660227174,407.55,1.311,False
2706,1603660227175,407.55,4.66,False
2707,1603660228806,407.54,0.014,True
2708,1603660228840,407.54,0.029,True
2709,1603660228983,407.55,0.142,False
2710,1603660228983,407.55,0.058,False
2711,1603660228983,407.55,0.879,False
2712,1603660228983,407.55,0.889,False
2713,1603660228983,407.58,1.328,False
2714,1603660228983,407.59,31.058,False
2715,1603660230807,407.58,0.014,True
2716,1603660230834,407.58,0.029,True
2717,1603660232812,407.58,0.015,True
2718,1603660232834,407.58,0.027,True
2719,1603660232844,407.59,75.09,False
2720,1603660233029,407.59,4.9,False
2721,1603660233035,407.59,5.227,False
2722,1603660233035,407.59,0.001,False
2723,1603660233035,407.59,0.69,False
2724,1603660233035,407.59,0.006,False
